%% This BibTeX bibliography file was created using BibDesk.
%% https://bibdesk.sourceforge.io/

%% Created for Ben Goldman at 2021-08-15 14:11:29 -0400 


%% Saved with string encoding Unicode (UTF-8) 



@article{an2017feedback,
	author = {An, Soon-Il and Heo, Eun Sook and Kim, Seon Tae},
	doi = {10.1002/2017gl073203},
	issn = {0094-8276},
	journal = {Geophysical Research Letters},
	month = {May},
	number = 9,
	pages = {4272--4279},
	publisher = {American Geophysical Union (AGU)},
	title = {Feedback process responsible for intermodel diversity of ENSO variability},
	url = {http://dx.doi.org/10.1002/2017gl073203},
	volume = 44,
	year = 2017,
	Bdsk-Url-1 = {http://dx.doi.org/10.1002/2017gl073203}}

@article{bjerknes1969atmospheric,
	author = {Bjerknes, J.},
	doi = {10.1175/1520-0493(1969)097<0163:atftep>2.3.co;2},
	issn = {1520-0493},
	journal = {Monthly Weather Review},
	month = {Mar},
	number = 3,
	pages = {163--172},
	publisher = {American Meteorological Society},
	title = {Atmospheric Teleconnections From the Equatorial Pacific},
	url = {http://dx.doi.org/10.1175/1520-0493(1969)097<0163:atftep>2.3.co;2},
	volume = 97,
	year = 1969,
	Bdsk-Url-1 = {http://dx.doi.org/10.1175/1520-0493(1969)097%3C0163:atftep%3E2.3.co;2}}

@article{boer2000transient,
	author = {Boer, G. J. and Flato, G. and Ramsden, D.},
	doi = {10.1007/s003820050338},
	issn = {1432-0894},
	journal = {Climate Dynamics},
	month = {Jun},
	number = 6,
	pages = {427--450},
	publisher = {Springer Science and Business Media LLC},
	title = {A transient climate change simulation with greenhouse gas and aerosol forcing: projected climate to the twenty-first century},
	url = {http://dx.doi.org/10.1007/s003820050338},
	volume = 16,
	year = 2000,
	Bdsk-Url-1 = {http://dx.doi.org/10.1007/s003820050338}}

@article{cai2018increased,
	author = {Cai, Wenju and Wang, Guojian and Dewitte, Boris and Wu, Lixin and Santoso, Agus and Takahashi, Ken and Yang, Yun and Carr{\'e}ric, Aude and McPhaden, Michael J.},
	doi = {10.1038/s41586-018-0776-9},
	issn = {1476-4687},
	journal = {Nature},
	month = {Dec},
	number = 7735,
	pages = {201--206},
	publisher = {Springer Science and Business Media LLC},
	title = {Increased variability of eastern Pacific El Ni{\~n}o under greenhouse warming},
	url = {http://dx.doi.org/10.1038/s41586-018-0776-9},
	volume = 564,
	year = 2018,
	Bdsk-Url-1 = {http://dx.doi.org/10.1038/s41586-018-0776-9}}

@article{chen2015causes,
	author = {Lin Chen and Tim Li and Yongqiang Yu},
	doi = {10.1175/jcli-d-14-00439.1},
	journal = {Journal of Climate},
	month = {apr},
	number = {8},
	pages = {3250--3274},
	publisher = {American Meteorological Society},
	title = {Causes of Strengthening and Weakening of {ENSO} Amplitude under Global Warming in Four {CMIP}5 Models{\ast}},
	url = {https://doi.org/10.1175%2Fjcli-d-14-00439.1},
	volume = {28},
	year = 2015,
	Bdsk-Url-1 = {https://doi.org/10.1175%2Fjcli-d-14-00439.1},
	Bdsk-Url-2 = {https://doi.org/10.1175/jcli-d-14-00439.1}}

@article{chen2017possible,
	author = {Lin Chen and Tim Li and Yongqiang Yu and Swadhin K. Behera},
	doi = {10.1007/s00382-017-3544-x},
	journal = {Climate Dynamics},
	month = {feb},
	number = {11-12},
	pages = {3799--3811},
	publisher = {Springer Science and Business Media {LLC}},
	title = {A possible explanation for the divergent projection of {ENSO} amplitude change under global warming},
	url = {https://doi.org/10.1007%2Fs00382-017-3544-x},
	volume = {49},
	year = 2017,
	Bdsk-Url-1 = {https://doi.org/10.1007%2Fs00382-017-3544-x},
	Bdsk-Url-2 = {https://doi.org/10.1007/s00382-017-3544-x}}

@article{danabasoglu2020community,
  title={The community earth system model version 2 (CESM2)},
  author={Danabasoglu, Gokhan and Lamarque, J-F and Bacmeister, J and Bailey, DA and DuVivier, AK and Edwards, Jim and Emmons, LK and Fasullo, John and Garcia, R and Gettelman, Andrew and others},
  journal={Journal of Advances in Modeling Earth Systems},
  volume={12},
  number={2},
  year={2020},
  publisher={Wiley Online Library}
}

@article{deser2020isolating,
	author = {Clara Deser and Adam S. Phillips and Isla R. Simpson and Nan Rosenbloom and Dani Coleman and Flavio Lehner and Angeline G. Pendergrass and Pedro DiNezio and Samantha Stevenson},
	doi = {10.1175/jcli-d-20-0123.1},
	journal = {Journal of Climate},
	month = {sep},
	number = {18},
	pages = {7835--7858},
	publisher = {American Meteorological Society},
	title = {Isolating the Evolving Contributions of Anthropogenic Aerosols and Greenhouse Gases: A New {CESM}1 Large Ensemble Community Resource},
	url = {https://doi.org/10.1175%2Fjcli-d-20-0123.1},
	volume = {33},
	year = 2020,
	Bdsk-Url-1 = {https://doi.org/10.1175%2Fjcli-d-20-0123.1},
	Bdsk-Url-2 = {https://doi.org/10.1175/jcli-d-20-0123.1}}

@article{dewitte2012reinterpreting,
	author = {Boris Dewitte and Sang-Wook Yeh and Sulian Thual},
	doi = {10.1007/s00382-012-1504-z},
	journal = {Climate Dynamics},
	month = {sep},
	number = {3-4},
	pages = {819--830},
	publisher = {Springer Science and Business Media {LLC}},
	title = {Reinterpreting the thermocline feedback in the western-central equatorial Pacific and its relationship with the {ENSO} modulation},
	url = {https://doi.org/10.1007%2Fs00382-012-1504-z},
	volume = {41},
	year = 2012,
	Bdsk-Url-1 = {https://doi.org/10.1007%2Fs00382-012-1504-z},
	Bdsk-Url-2 = {https://doi.org/10.1007/s00382-012-1504-z}}

@article{emile2007nino,
	author = {Julien Emile-Geay and Mark Cane and Richard Seager and Alexey Kaplan and Peter Almasi},
	doi = {10.1029/2006pa001304},
	journal = {Paleoceanography},
	month = {aug},
	number = {3},
	pages = {n/a--n/a},
	publisher = {American Geophysical Union ({AGU})},
	title = {El Ni{\~{n}}o as a mediator of the solar influence on climate},
	url = {https://doi.org/10.1029%2F2006pa001304},
	volume = {22},
	year = 2007,
	Bdsk-Url-1 = {https://doi.org/10.1029%2F2006pa001304},
	Bdsk-Url-2 = {https://doi.org/10.1029/2006pa001304}}

@article{graham2014effectiveness,
	author = {Felicity S. Graham and Jaclyn N. Brown and Clothilde Langlais and Simon J. Marsland and Andrew T. Wittenberg and Neil J. Holbrook},
	doi = {10.1007/s00382-014-2062-3},
	journal = {Climate Dynamics},
	month = {feb},
	number = {9-10},
	pages = {2399--2414},
	publisher = {Springer Science and Business Media {LLC}},
	title = {Effectiveness of the Bjerknes stability index in representing ocean dynamics},
	url = {https://doi.org/10.1007%2Fs00382-014-2062-3},
	volume = {43},
	year = 2014,
	Bdsk-Url-1 = {https://doi.org/10.1007%2Fs00382-014-2062-3},
	Bdsk-Url-2 = {https://doi.org/10.1007/s00382-014-2062-3}}

@article{gistemp2019giss,
	author = {GISTEMP Team and others},
	journal = {NASA Goddard Institute for Space Studies},
	publisher = {2020-12-10)[2020-12-10]. https://data. giss. nasa. gov/gistemp},
	title = {GISS surface temperature analysis (GISTEMP), version 4},
	year = {2019}}

@article{hu2018cross,
	author = {Shineng Hu and Alexey V. Fedorov},
	doi = {10.1038/s41558-018-0248-0},
	journal = {Nature Climate Change},
	month = {aug},
	number = {9},
	pages = {798--802},
	publisher = {Springer Science and Business Media {LLC}},
	title = {Cross-equatorial winds control El Ni{\~{n}}o diversity and change},
	url = {https://doi.org/10.1038%2Fs41558-018-0248-0},
	volume = {8},
	year = 2018,
	Bdsk-Url-1 = {https://doi.org/10.1038%2Fs41558-018-0248-0},
	Bdsk-Url-2 = {https://doi.org/10.1038/s41558-018-0248-0}}

@article{jia2019weakening,
	author = {Fan Jia and Wenju Cai and Lixin Wu and Bolan Gan and Guojian Wang and Fred Kucharski and Ping Chang and Noel Keenlyside},
	doi = {10.1126/sciadv.aax4111},
	journal = {Science Advances},
	month = {aug},
	number = {8},
	pages = {eaax4111},
	publisher = {American Association for the Advancement of Science ({AAAS})},
	title = {Weakening Atlantic Ni{\~{n}}o{\textendash}Pacific connection under greenhouse warming},
	url = {https://doi.org/10.1126%2Fsciadv.aax4111},
	volume = {5},
	year = 2019,
	Bdsk-Url-1 = {https://doi.org/10.1126%2Fsciadv.aax4111},
	Bdsk-Url-2 = {https://doi.org/10.1126/sciadv.aax4111}}

@article{jimenez2016record,
	author = {Juan C. Jim{\'{e}}nez-Mu{\~{n}}oz and Cristian Mattar and Jonathan Barichivich and Andr{\'{e}}s Santamar{\'{\i}}a-Artigas and Ken Takahashi and Yadvinder Malhi and Jos{\'{e}} A. Sobrino and Gerard van der Schrier},
	doi = {10.1038/srep33130},
	journal = {Scientific Reports},
	month = {sep},
	number = {1},
	publisher = {Springer Science and Business Media {LLC}},
	title = {Record-breaking warming and extreme drought in the Amazon rainforest during the course of El Ni{\~{n}}o 2015{\textendash}2016},
	url = {https://doi.org/10.1038%2Fsrep33130},
	volume = {6},
	year = 2016,
	Bdsk-Url-1 = {https://doi.org/10.1038%2Fsrep33130},
	Bdsk-Url-2 = {https://doi.org/10.1038/srep33130}}

@article{kay2015community,
	author = {J. E. Kay and C. Deser and A. Phillips and A. Mai and C. Hannay and G. Strand and J. M. Arblaster and S. C. Bates and G. Danabasoglu and J. Edwards and M. Holland and P. Kushner and J.-F. Lamarque and D. Lawrence and K. Lindsay and A. Middleton and E. Munoz and R. Neale and K. Oleson and L. Polvani and M. Vertenstein},
	doi = {10.1175/bams-d-13-00255.1},
	journal = {Bulletin of the American Meteorological Society},
	month = {aug},
	number = {8},
	pages = {1333--1349},
	publisher = {American Meteorological Society},
	title = {The Community Earth System Model ({CESM}) Large Ensemble Project: A Community Resource for Studying Climate Change in the Presence of Internal Climate Variability},
	url = {https://doi.org/10.1175%2Fbams-d-13-00255.1},
	volume = {96},
	year = 2015,
	Bdsk-Url-1 = {https://doi.org/10.1175%2Fbams-d-13-00255.1},
	Bdsk-Url-2 = {https://doi.org/10.1175/bams-d-13-00255.1}}

@article{kestin1998time,
	author = {Kestin, Tahl S and Karoly, David J and Yano, Jun-Ichi and Rayner, Nicola A},
	journal = {Journal of Climate},
	number = {9},
	pages = {2258--2272},
	title = {Time--frequency variability of ENSO and stochastic simulations},
	volume = {11},
	year = {1998}}

@article{kiladis2009convectively,
	author = {George N. Kiladis and Matthew C. Wheeler and Patrick T. Haertel and Katherine H. Straub and Paul E. Roundy},
	doi = {10.1029/2008rg000266},
	journal = {Reviews of Geophysics},
	month = {apr},
	number = {2},
	publisher = {American Geophysical Union ({AGU})},
	title = {Convectively coupled equatorial waves},
	url = {https://doi.org/10.1029%2F2008rg000266},
	volume = {47},
	year = 2009,
	Bdsk-Url-1 = {https://doi.org/10.1029%2F2008rg000266},
	Bdsk-Url-2 = {https://doi.org/10.1029/2008rg000266}}

@article{kim2014response,
	author = {Seon Tae Kim and Wenju Cai and Fei-Fei Jin and Agus Santoso and Lixin Wu and Eric Guilyardi and Soon-Il An},
	doi = {10.1038/nclimate2326},
	journal = {Nature Climate Change},
	month = {aug},
	number = {9},
	pages = {786--790},
	publisher = {Springer Science and Business Media {LLC}},
	title = {Response of El Ni{\~{n}}o sea surface temperature variability to greenhouse warming},
	url = {https://doi.org/10.1038%2Fnclimate2326},
	volume = {4},
	year = 2014,
	Bdsk-Url-1 = {https://doi.org/10.1038%2Fnclimate2326},
	Bdsk-Url-2 = {https://doi.org/10.1038/nclimate2326}}

@article{kohyama2018weakening,
	author = {Tsubasa Kohyama and Dennis L. Hartmann and David S. Battisti},
	doi = {10.1029/2018gl079085},
	journal = {Geophysical Research Letters},
	month = {aug},
	number = {16},
	pages = {8557--8567},
	publisher = {American Geophysical Union ({AGU})},
	title = {Weakening of Nonlinear {ENSO} Under Global Warming},
	url = {https://doi.org/10.1029%2F2018gl079085},
	volume = {45},
	year = 2018,
	Bdsk-Url-1 = {https://doi.org/10.1029%2F2018gl079085},
	Bdsk-Url-2 = {https://doi.org/10.1029/2018gl079085}}

@article{lenssen2019improvements,
	author = {Lenssen, Nathan JL and Schmidt, Gavin A and Hansen, James E and Menne, Matthew J and Persin, Avraham and Ruedy, Reto and Zyss, Daniel},
	journal = {Journal of Geophysical Research: Atmospheres},
	number = {12},
	pages = {6307--6326},
	publisher = {Wiley Online Library},
	title = {Improvements in the GISTEMP uncertainty model},
	volume = {124},
	year = {2019}}

@article{levine2017impact,
	author = {Aaron F. Z. Levine and Michael J. McPhaden and Dargan M. W. Frierson},
	doi = {10.1002/2017gl072524},
	journal = {Geophysical Research Letters},
	month = {apr},
	number = {8},
	pages = {3877--3886},
	publisher = {American Geophysical Union ({AGU})},
	title = {The impact of the {AMO} on multidecadal {ENSO} variability},
	url = {https://doi.org/10.1002%2F2017gl072524},
	volume = {44},
	year = 2017,
	Bdsk-Url-1 = {https://doi.org/10.1002%2F2017gl072524},
	Bdsk-Url-2 = {https://doi.org/10.1002/2017gl072524}}

@article{lorenz1963deterministic,
	author = {Lorenz, Edward N},
	journal = {Journal of atmospheric sciences},
	number = {2},
	pages = {130--141},
	title = {Deterministic nonperiodic flow},
	volume = {20},
	year = {1963}}

@article{liu2007atmospheric,
	author = {Zhengyu Liu and Mike Alexander},
	doi = {10.1029/2005rg000172},
	journal = {Reviews of Geophysics},
	month = {jun},
	number = {2},
	publisher = {American Geophysical Union ({AGU})},
	title = {Atmospheric bridge, oceanic tunnel, and global climatic teleconnections},
	url = {https://doi.org/10.1029%2F2005rg000172},
	volume = {45},
	year = 2007,
	Bdsk-Url-1 = {https://doi.org/10.1029%2F2005rg000172},
	Bdsk-Url-2 = {https://doi.org/10.1029/2005rg000172}}

@article{lubbecke2014assessing,
	author = {Joke F. L{\"u}bbecke and Michael J. McPhaden},
	doi = {10.1175/jcli-d-13-00438.1},
	journal = {Journal of Climate},
	month = {mar},
	number = {7},
	pages = {2577--2587},
	publisher = {American Meteorological Society},
	title = {Assessing the Twenty-First-Century Shift in {ENSO} Variability in Terms of the Bjerknes Stability Index},
	url = {https://doi.org/10.1175%2Fjcli-d-13-00438.1},
	volume = {27},
	year = 2014,
	Bdsk-Url-1 = {https://doi.org/10.1175%2Fjcli-d-13-00438.1},
	Bdsk-Url-2 = {https://doi.org/10.1175/jcli-d-13-00438.1}}

@article{maher2018enso,
	author = {N. Maher and D. Matei and S. Milinski and J. Marotzke},
	doi = {10.1029/2018gl079764},
	journal = {Geophysical Research Letters},
	month = {oct},
	number = {20},
	publisher = {American Geophysical Union ({AGU})},
	title = {{ENSO} Change in Climate Projections: Forced Response or Internal Variability?},
	url = {https://doi.org/10.1029%2F2018gl079764},
	volume = {45},
	year = 2018,
	Bdsk-Url-1 = {https://doi.org/10.1029%2F2018gl079764},
	Bdsk-Url-2 = {https://doi.org/10.1029/2018gl079764}}

@article{nowack2017role,
	author = {Peer J. Nowack and Peter Braesicke and N. Luke Abraham and John A. Pyle},
	doi = {10.1002/2016gl072418},
	journal = {Geophysical Research Letters},
	month = {apr},
	number = {8},
	pages = {3858--3866},
	publisher = {American Geophysical Union ({AGU})},
	title = {On the role of ozone feedback in the {ENSO} amplitude response under global warming},
	url = {https://doi.org/10.1002%2F2016gl072418},
	volume = {44},
	year = 2017,
	Bdsk-Url-1 = {https://doi.org/10.1002%2F2016gl072418},
	Bdsk-Url-2 = {https://doi.org/10.1002/2016gl072418}}

@book{pachauri2014climate,
	author = {Pachauri, Rajendra K and Allen, Myles R and Barros, Vicente R and Broome, John and Cramer, Wolfgang and Christ, Renate and Church, John A and Clarke, Leon and Dahe, Qin and Dasgupta, Purnamita and others},
	publisher = {Ipcc},
	title = {Climate change 2014: synthesis report. Contribution of Working Groups I, II and III to the fifth assessment report of the Intergovernmental Panel on Climate Change},
	year = {2014}}

@article{phillips2014evaluating,
	author = {Adam S. Phillips and Clara Deser and John Fasullo},
	doi = {10.1002/2014eo490002},
	journal = {Eos, Transactions American Geophysical Union},
	month = {dec},
	number = {49},
	pages = {453--455},
	publisher = {American Geophysical Union ({AGU})},
	title = {Evaluating Modes of Variability in Climate Models},
	url = {https://doi.org/10.1002%2F2014eo490002},
	volume = {95},
	year = 2014,
	Bdsk-Url-1 = {https://doi.org/10.1002%2F2014eo490002},
	Bdsk-Url-2 = {https://doi.org/10.1002/2014eo490002}}

@article{rashid2016atmospheric,
	author = {Harun A. Rashid and Anthony C. Hirst and Simon J. Marsland},
	doi = {10.1002/2015gl066768},
	journal = {Geophysical Research Letters},
	month = {feb},
	number = {4},
	pages = {1687--1694},
	publisher = {American Geophysical Union ({AGU})},
	title = {An atmospheric mechanism for {ENSO} amplitude changes under an abrupt quadrupling of {CO}2 concentration in {CMIP}5 models},
	url = {https://doi.org/10.1002%2F2015gl066768},
	volume = {43},
	year = 2016,
	Bdsk-Url-1 = {https://doi.org/10.1002%2F2015gl066768},
	Bdsk-Url-2 = {https://doi.org/10.1002/2015gl066768}}

@article{rayner2003global,
	author = {Rayner, NAA and Parker, De E and Horton, EB and Folland, Chris K and Alexander, Lisa V and Rowell, DP and Kent, Elizabeth C and Kaplan, A},
	journal = {Journal of Geophysical Research: Atmospheres},
	number = {D14},
	publisher = {Wiley Online Library},
	title = {Global analyses of sea surface temperature, sea ice, and night marine air temperature since the late nineteenth century},
	volume = {108},
	year = {2003}}

@article{ropelewski1987global,
	author = {Ropelewski, Chester F and Halpert, Michael S},
	journal = {Monthly weather review},
	number = {8},
	pages = {1606--1626},
	title = {Global and regional scale precipitation patterns associated with the El Ni{\~n}o/Southern Oscillation},
	volume = {115},
	year = {1987}}

@article{son2010impact,
	author = {S.-W. Son and E. P. Gerber and J. Perlwitz and L. M. Polvani and N. P. Gillett and K.-H. Seo and V. Eyring and T. G. Shepherd and D. Waugh and H. Akiyoshi and J. Austin and A. Baumgaertner and S. Bekki and P. Braesicke and C. Br{\"u}hl and N. Butchart and M. P. Chipperfield and D. Cugnet and M. Dameris and S. Dhomse and S. Frith and H. Garny and R. Garcia and S. C. Hardiman and P. J{\"o}ckel and J. F. Lamarque and E. Mancini and M. Marchand and M. Michou and T. Nakamura and O. Morgenstern and G. Pitari and D. A. Plummer and J. Pyle and E. Rozanov and J. F. Scinocca and K. Shibata and D. Smale and H. Teyss{\`{e}}dre and W. Tian and Y. Yamashita},
	doi = {10.1029/2010jd014271},
	journal = {Journal of Geophysical Research},
	month = {oct},
	publisher = {American Geophysical Union ({AGU})},
	title = {Impact of stratospheric ozone on Southern Hemisphere circulation change: A multimodel assessment},
	url = {https://doi.org/10.1029%2F2010jd014271},
	volume = {115},
	year = 2010,
	Bdsk-Url-1 = {https://doi.org/10.1029%2F2010jd014271},
	Bdsk-Url-2 = {https://doi.org/10.1029/2010jd014271}}

@article{stevenson2010enso,
	author = {Samantha Stevenson and Baylor Fox-Kemper and Markus Jochum and Balaji Rajagopalan and Stephen G. Yeager},
	doi = {10.1175/2010jcli3609.1},
	journal = {Journal of Climate},
	month = {oct},
	number = {20},
	pages = {5540--5547},
	publisher = {American Meteorological Society},
	title = {{ENSO} Model Validation Using Wavelet Probability Analysis},
	url = {https://doi.org/10.1175%2F2010jcli3609.1},
	volume = {23},
	year = 2010,
	Bdsk-Url-1 = {https://doi.org/10.1175%2F2010jcli3609.1},
	Bdsk-Url-2 = {https://doi.org/10.1175/2010jcli3609.1}}

@article{stevenson2012will,
	author = {Samantha Stevenson and Baylor Fox-Kemper and Markus Jochum and Richard Neale and Clara Deser and Gerald Meehl},
	doi = {10.1175/jcli-d-11-00252.1},
	journal = {Journal of Climate},
	month = {mar},
	number = {6},
	pages = {2129--2145},
	publisher = {American Meteorological Society},
	title = {Will There Be a Significant Change to El Ni{\~{n}}o in the Twenty-First Century?},
	url = {https://doi.org/10.1175%2Fjcli-d-11-00252.1},
	volume = {25},
	year = 2012,
	Bdsk-Url-1 = {https://doi.org/10.1175%2Fjcli-d-11-00252.1},
	Bdsk-Url-2 = {https://doi.org/10.1175/jcli-d-11-00252.1}}

@article{stevenson2012significant,
	author = {S. L. Stevenson},
	doi = {10.1029/2012gl052759},
	journal = {Geophysical Research Letters},
	month = {sep},
	number = {17},
	pages = {n/a--n/a},
	publisher = {American Geophysical Union ({AGU})},
	title = {Significant changes to {ENSO} strength and impacts in the twenty-first century: Results from {CMIP}5},
	url = {https://doi.org/10.1029%2F2012gl052759},
	volume = {39},
	year = 2012,
	Bdsk-Url-1 = {https://doi.org/10.1029%2F2012gl052759},
	Bdsk-Url-2 = {https://doi.org/10.1029/2012gl052759}}

@article{stevenson2017forced,
	author = {Samantha Stevenson and Antonietta Capotondi and John Fasullo and Bette Otto-Bliesner},
	doi = {10.1007/s00382-017-3573-5},
	journal = {Climate Dynamics},
	month = {mar},
	number = {12},
	pages = {7359--7374},
	publisher = {Springer Science and Business Media {LLC}},
	title = {Forced changes to twentieth century {ENSO} diversity in a last Millennium context},
	url = {https://doi.org/10.1007%2Fs00382-017-3573-5},
	volume = {52},
	year = 2017,
	Bdsk-Url-1 = {https://doi.org/10.1007%2Fs00382-017-3573-5},
	Bdsk-Url-2 = {https://doi.org/10.1007/s00382-017-3573-5}}

@article{torrence1998practical,
	author = {Torrence, Christopher and Compo, Gilbert P},
	journal = {Bulletin of the American Meteorological society},
	number = {1},
	pages = {61--78},
	publisher = {American Meteorological Society},
	title = {A practical guide to wavelet analysis},
	volume = {79},
	year = {1998}}

@article{vecchi2006weakening,
	author = {Gabriel A. Vecchi and Brian J. Soden and Andrew T. Wittenberg and Isaac M. Held and Ants Leetmaa and Matthew J. Harrison},
	doi = {10.1038/nature04744},
	journal = {Nature},
	month = {may},
	number = {7089},
	pages = {73--76},
	publisher = {Springer Science and Business Media {LLC}},
	title = {Weakening of tropical Pacific atmospheric circulation due to anthropogenic forcing},
	url = {https://doi.org/10.1038%2Fnature04744},
	volume = {441},
	year = 2006,
	Bdsk-Url-1 = {https://doi.org/10.1038%2Fnature04744},
	Bdsk-Url-2 = {https://doi.org/10.1038/nature04744}}

@article{vega2017analysis,
	author = {Benjamin Vega-Westhoff and Ryan L. Sriver},
	doi = {10.1038/s41598-017-18459-8},
	journal = {Scientific Reports},
	month = {dec},
	number = {1},
	publisher = {Springer Science and Business Media {LLC}},
	title = {Analysis of {ENSO}'s response to unforced variability and anthropogenic forcing using {CESM}},
	url = {https://doi.org/10.1038%2Fs41598-017-18459-8},
	volume = {7},
	year = 2017,
	Bdsk-Url-1 = {https://doi.org/10.1038%2Fs41598-017-18459-8},
	Bdsk-Url-2 = {https://doi.org/10.1038/s41598-017-18459-8}}

@incollection{wang2016nino,
	author = {Chunzai Wang and Clara Deser and Jin-Yi Yu and Pedro DiNezio and Amy Clement},
	booktitle = {Coral Reefs of the Eastern Tropical Pacific},
	doi = {10.1007/978-94-017-7499-4_4},
	month = {aug},
	pages = {85--106},
	publisher = {Springer Netherlands},
	title = {El Ni{\~{n}}o and Southern Oscillation ({ENSO}): A Review},
	url = {https://doi.org/10.1007%2F978-94-017-7499-4_4},
	year = 2016,
	Bdsk-Url-1 = {https://doi.org/10.1007%2F978-94-017-7499-4_4},
	Bdsk-Url-2 = {https://doi.org/10.1007/978-94-017-7499-4_4}}

@article{yeo2016role,
	author = {Sae-Rim Yeo and Sang-Wook Yeh and Kwang-Yul Kim and WonMoo Kim},
	doi = {10.1007/s00382-016-3376-0},
	journal = {Climate Dynamics},
	month = {oct},
	number = {4},
	pages = {1197--1213},
	publisher = {Springer Science and Business Media {LLC}},
	title = {The role of low-frequency variation in the manifestation of warming trend and {ENSO} amplitude},
	url = {https://doi.org/10.1007%2Fs00382-016-3376-0},
	volume = {49},
	year = 2016,
	Bdsk-Url-1 = {https://doi.org/10.1007%2Fs00382-016-3376-0},
	Bdsk-Url-2 = {https://doi.org/10.1007/s00382-016-3376-0}}

@article{zhang2019review,
	author = {Rong Zhang and Rowan Sutton and Gokhan Danabasoglu and Young-Oh Kwon and Robert Marsh and Stephen G. Yeager and Daniel E. Amrhein and Christopher M. Little},
	doi = {10.1029/2019rg000644},
	journal = {Reviews of Geophysics},
	month = {jun},
	number = {2},
	pages = {316--375},
	publisher = {American Geophysical Union ({AGU})},
	title = {A Review of the Role of the Atlantic Meridional Overturning Circulation in Atlantic Multidecadal Variability and Associated Climate Impacts},
	url = {https://doi.org/10.1029%2F2019rg000644},
	volume = {57},
	year = 2019,
	Bdsk-Url-1 = {https://doi.org/10.1029%2F2019rg000644},
	Bdsk-Url-2 = {https://doi.org/10.1029/2019rg000644}}

@article{zheng2016intermodel,
	author = {Xiao-Tong Zheng and Shang-Ping Xie and Liang-Hong Lv and Zhen-Qiang Zhou},
	doi = {10.1175/jcli-d-16-0039.1},
	journal = {Journal of Climate},
	month = {sep},
	number = {20},
	pages = {7265--7279},
	publisher = {American Meteorological Society},
	title = {Intermodel Uncertainty in {ENSO} Amplitude Change Tied to Pacific Ocean Warming Pattern},
	url = {https://doi.org/10.1175%2Fjcli-d-16-0039.1},
	volume = {29},
	year = 2016,
	Bdsk-Url-1 = {https://doi.org/10.1175%2Fjcli-d-16-0039.1},
	Bdsk-Url-2 = {https://doi.org/10.1175/jcli-d-16-0039.1}}

@article{zheng2017response,
	author = {Xiao-Tong Zheng and Chang Hui and Sang-Wook Yeh},
	doi = {10.1007/s00382-017-3859-7},
	journal = {Climate Dynamics},
	month = {aug},
	number = {11-12},
	pages = {4019--4035},
	publisher = {Springer Science and Business Media {LLC}},
	title = {Response of {ENSO} amplitude to global warming in {CESM} large ensemble: uncertainty due to internal variability},
	url = {https://doi.org/10.1007%2Fs00382-017-3859-7},
	volume = {50},
	year = 2017,
	Bdsk-Url-1 = {https://doi.org/10.1007%2Fs00382-017-3859-7},
	Bdsk-Url-2 = {https://doi.org/10.1007/s00382-017-3859-7}}

@article{zhu2017reduced,
  title={Reduced ENSO variability at the LGM revealed by an isotope-enabled Earth system model},
  author={Zhu, Jiang and Liu, Zhengyu and Brady, Esther and Otto-Bliesner, Bette and Zhang, Jiaxu and Noone, David and Tomas, Robert and Nusbaumer, Jesse and Wong, Tony and Jahn, Alexandra and others},
  journal={Geophysical Research Letters},
  volume={44},
  number={13},
  pages={6984--6992},
  year={2017},
  publisher={Wiley Online Library}
}

