%% This BibTeX bibliography file was created using BibDesk.
%% https://bibdesk.sourceforge.io/

%% Created for Ben Goldman at 2020-05-19 20:02:22 -0400 


%% Saved with string encoding Unicode (UTF-8) 



@article{dawson2016eofs,
	Author = {Dawson, Andrew},
	Date-Added = {2020-05-19 19:07:28 -0400},
	Date-Modified = {2020-05-19 19:07:28 -0400},
	Journal = {Journal of Open Research Software},
	Number = {1},
	Publisher = {Ubiquity Press},
	Title = {eofs: A library for eof analysis of meteorological, oceanographic, and climate data},
	Volume = {4},
	Year = {2016}}

@article{deser2020isolating,
	Author = {Deser, Clara and Philips, Adam S. and Simpson Isla R. and Rosenbloom, Nan and Coleman, Dani and Lehner, Flavio and Pendergrass, Angeline},
	Date-Added = {2020-04-23 12:57:32 -0400},
	Date-Modified = {2020-04-23 13:03:10 -0400},
	Journal = {Journal of Climate},
	Month = {February},
	Number = {??},
	Pages = {??--??},
	Title = {Isolating the Evolving Contributions of Anthropogenic Aerosols and Greenhouse Gases: A New CESM1 Large Ensemble Community Resource},
	Volume = {??},
	Year = {2020},
	Bdsk-File-1 = {YnBsaXN0MDDSAQIDBFxyZWxhdGl2ZVBhdGhZYWxpYXNEYXRhXxAkLi4vSm91cm5hbEFydGljbGVzL0Rlc2VyMjAyMGV0YWwucGRmTxEB5gAAAAAB5gACAAAMTWFjaW50b3NoIEhEAAAAAAAAAAAAAAAAAAAAAAAAAEJEAAH/////EURlc2VyMjAyMGV0YWwucGRmAAAAAAAAAAAAAAAAAAAAAAAAAAAAAAAAAAAAAAAAAAAAAAAAAAAAAAAAAAAAAP////8AAAAAAAAAAAAAAAAAAQACAAAKIGN1AAAAAAAAAAAAAAAAAA9Kb3VybmFsQXJ0aWNsZXMAAAIAcC86VXNlcnM6YmVuZ29sZG1hbjpPbmVEcml2ZSAtIFdoaXRlIFBsYWlucyBQdWJsaWMgU2Nob29sczpHMTA6U2NpZW5jZSBSZXNlYXJjaDpKb3VybmFsQXJ0aWNsZXM6RGVzZXIyMDIwZXRhbC5wZGYADgAkABEARABlAHMAZQByADIAMAAyADAAZQB0AGEAbAAuAHAAZABmAA8AGgAMAE0AYQBjAGkAbgB0AG8AcwBoACAASABEABIAblVzZXJzL2JlbmdvbGRtYW4vT25lRHJpdmUgLSBXaGl0ZSBQbGFpbnMgUHVibGljIFNjaG9vbHMvRzEwL1NjaWVuY2UgUmVzZWFyY2gvSm91cm5hbEFydGljbGVzL0Rlc2VyMjAyMGV0YWwucGRmABMAAS8AABUAAgAR//8AAAAIAA0AGgAkAEsAAAAAAAACAQAAAAAAAAAFAAAAAAAAAAAAAAAAAAACNQ==}}

@article{son2010impact,
	Author = {Son, S-W and Gerber, EP and Perlwitz, J and Polvani, Lorenzo M and Gillett, NP and Seo, K-H and Eyring, Veronika and Shepherd, TG and Waugh, D and Akiyoshi, H and others},
	Date-Added = {2020-04-20 13:34:19 -0400},
	Date-Modified = {2020-04-20 13:34:19 -0400},
	Journal = {Journal of Geophysical Research: Atmospheres},
	Number = {D3},
	Publisher = {Wiley Online Library},
	Title = {Impact of stratospheric ozone on Southern Hemisphere circulation change: A multimodel assessment},
	Volume = {115},
	Year = {2010},
	Bdsk-File-1 = {YnBsaXN0MDDSAQIDBFxyZWxhdGl2ZVBhdGhZYWxpYXNEYXRhXxBFLi4vSm91cm5hbEFydGljbGVzLzIwMTBKRDAxNDI3MUAxMC4xMDAyXyhJU1NOKTIxNjktODk5Ni5DSEVNQ0xJTTEucGRmTxECbAAAAAACbAACAAAMTWFjaW50b3NoIEhEAAAAAAAAAAAAAAAAAAAAAAAAAEJEAAH/////HzIwMTBKRDAxNDI3MUAxMC4xMCNGRkZGRkZGRi5wZGYAAAAAAAAAAAAAAAAAAAAAAAAAAAAAAAAAAAAAAAAAAP////8AAAAAAAAAAAAAAAAAAQACAAAKIGN1AAAAAAAAAAAAAAAAAA9Kb3VybmFsQXJ0aWNsZXMAAAIAkS86VXNlcnM6YmVuZ29sZG1hbjpPbmVEcml2ZSAtIFdoaXRlIFBsYWlucyBQdWJsaWMgU2Nob29sczpHMTA6U2NpZW5jZSBSZXNlYXJjaDpKb3VybmFsQXJ0aWNsZXM6MjAxMEpEMDE0MjcxQDEwLjEwMDJfKElTU04pMjE2OS04OTk2LkNIRU1DTElNMS5wZGYAAA4AZgAyADIAMAAxADAASgBEADAAMQA0ADIANwAxAEAAMQAwAC4AMQAwADAAMgBfACgASQBTAFMATgApADIAMQA2ADkALQA4ADkAOQA2AC4AQwBIAEUATQBDAEwASQBNADEALgBwAGQAZgAPABoADABNAGEAYwBpAG4AdABvAHMAaAAgAEgARAASAI9Vc2Vycy9iZW5nb2xkbWFuL09uZURyaXZlIC0gV2hpdGUgUGxhaW5zIFB1YmxpYyBTY2hvb2xzL0cxMC9TY2llbmNlIFJlc2VhcmNoL0pvdXJuYWxBcnRpY2xlcy8yMDEwSkQwMTQyNzFAMTAuMTAwMl8oSVNTTikyMTY5LTg5OTYuQ0hFTUNMSU0xLnBkZgAAEwABLwAAFQACABH//wAAAAgADQAaACQAbAAAAAAAAAIBAAAAAAAAAAUAAAAAAAAAAAAAAAAAAALc}}

@article{stevenson2012significant,
	Author = {Stevenson, SL},
	Date-Added = {2020-04-20 13:17:06 -0400},
	Date-Modified = {2020-04-20 13:17:06 -0400},
	Journal = {Geophysical Research Letters},
	Number = {17},
	Publisher = {Wiley Online Library},
	Title = {Significant changes to ENSO strength and impacts in the twenty-first century: Results from CMIP5},
	Volume = {39},
	Year = {2012},
	Bdsk-File-1 = {YnBsaXN0MDDSAQIDBFxyZWxhdGl2ZVBhdGhZYWxpYXNEYXRhXxAjLi4vSm91cm5hbEFydGljbGVzLzIwMTJHTDA1Mjc1OS5wZGZPEQHkAAAAAAHkAAIAAAxNYWNpbnRvc2ggSEQAAAAAAAAAAAAAAAAAAAAAAAAAQkQAAf////8QMjAxMkdMMDUyNzU5LnBkZgAAAAAAAAAAAAAAAAAAAAAAAAAAAAAAAAAAAAAAAAAAAAAAAAAAAAAAAAAAAAAA/////wAAAAAAAAAAAAAAAAABAAIAAAogY3UAAAAAAAAAAAAAAAAAD0pvdXJuYWxBcnRpY2xlcwAAAgBvLzpVc2VyczpiZW5nb2xkbWFuOk9uZURyaXZlIC0gV2hpdGUgUGxhaW5zIFB1YmxpYyBTY2hvb2xzOkcxMDpTY2llbmNlIFJlc2VhcmNoOkpvdXJuYWxBcnRpY2xlczoyMDEyR0wwNTI3NTkucGRmAAAOACIAEAAyADAAMQAyAEcATAAwADUAMgA3ADUAOQAuAHAAZABmAA8AGgAMAE0AYQBjAGkAbgB0AG8AcwBoACAASABEABIAbVVzZXJzL2JlbmdvbGRtYW4vT25lRHJpdmUgLSBXaGl0ZSBQbGFpbnMgUHVibGljIFNjaG9vbHMvRzEwL1NjaWVuY2UgUmVzZWFyY2gvSm91cm5hbEFydGljbGVzLzIwMTJHTDA1Mjc1OS5wZGYAABMAAS8AABUAAgAR//8AAAAIAA0AGgAkAEoAAAAAAAACAQAAAAAAAAAFAAAAAAAAAAAAAAAAAAACMg==}}

@article{vega2017analysis,
	Author = {Vega-Westhoff, Benjamin and Sriver, Ryan L},
	Date-Added = {2020-04-20 12:53:59 -0400},
	Date-Modified = {2020-04-20 12:53:59 -0400},
	Journal = {Scientific reports},
	Number = {1},
	Pages = {1--10},
	Publisher = {Nature Publishing Group},
	Title = {Analysis of ENSO's response to unforced variability and anthropogenic forcing using CESM},
	Volume = {7},
	Year = {2017},
	Bdsk-File-1 = {YnBsaXN0MDDSAQIDBFxyZWxhdGl2ZVBhdGhZYWxpYXNEYXRhXxAxLi4vSm91cm5hbEFydGljbGVzLzEwLjEwMDcyRnMwMDM4Mi0wMTctMzg1OS03LnBkZk8RAhwAAAAAAhwAAgAADE1hY2ludG9zaCBIRAAAAAAAAAAAAAAAAAAAAAAAAABCRAAB/////x4xMC4xMDA3MkZzMDAzODItMDE3LTM4NTktNy5wZGYAAAAAAAAAAAAAAAAAAAAAAAAAAAAAAAAAAAAAAAAAAAD/////AAAAAAAAAAAAAAAAAAEAAgAACiBjdQAAAAAAAAAAAAAAAAAPSm91cm5hbEFydGljbGVzAAACAH0vOlVzZXJzOmJlbmdvbGRtYW46T25lRHJpdmUgLSBXaGl0ZSBQbGFpbnMgUHVibGljIFNjaG9vbHM6RzEwOlNjaWVuY2UgUmVzZWFyY2g6Sm91cm5hbEFydGljbGVzOjEwLjEwMDcyRnMwMDM4Mi0wMTctMzg1OS03LnBkZgAADgA+AB4AMQAwAC4AMQAwADAANwAyAEYAcwAwADAAMwA4ADIALQAwADEANwAtADMAOAA1ADkALQA3AC4AcABkAGYADwAaAAwATQBhAGMAaQBuAHQAbwBzAGgAIABIAEQAEgB7VXNlcnMvYmVuZ29sZG1hbi9PbmVEcml2ZSAtIFdoaXRlIFBsYWlucyBQdWJsaWMgU2Nob29scy9HMTAvU2NpZW5jZSBSZXNlYXJjaC9Kb3VybmFsQXJ0aWNsZXMvMTAuMTAwNzJGczAwMzgyLTAxNy0zODU5LTcucGRmAAATAAEvAAAVAAIAEf//AAAACAANABoAJABYAAAAAAAAAgEAAAAAAAAABQAAAAAAAAAAAAAAAAAAAng=}}

@article{zheng2018response,
	Author = {Zheng, Xiao-Tong and Hui, Chang and Yeh, Sang-Wook},
	Date-Added = {2020-04-20 12:50:33 -0400},
	Date-Modified = {2020-04-20 12:50:33 -0400},
	Journal = {Climate Dynamics},
	Number = {11-12},
	Pages = {4019--4035},
	Publisher = {Springer},
	Title = {Response of ENSO amplitude to global warming in CESM large ensemble: uncertainty due to internal variability},
	Volume = {50},
	Year = {2018},
	Bdsk-File-1 = {YnBsaXN0MDDSAQIDBFxyZWxhdGl2ZVBhdGhZYWxpYXNEYXRhXxAxLi4vSm91cm5hbEFydGljbGVzLzEwLjEwMDcyRnMwMDM4Mi0wMTctMzg1OS03LnBkZk8RAhwAAAAAAhwAAgAADE1hY2ludG9zaCBIRAAAAAAAAAAAAAAAAAAAAAAAAABCRAAB/////x4xMC4xMDA3MkZzMDAzODItMDE3LTM4NTktNy5wZGYAAAAAAAAAAAAAAAAAAAAAAAAAAAAAAAAAAAAAAAAAAAD/////AAAAAAAAAAAAAAAAAAEAAgAACiBjdQAAAAAAAAAAAAAAAAAPSm91cm5hbEFydGljbGVzAAACAH0vOlVzZXJzOmJlbmdvbGRtYW46T25lRHJpdmUgLSBXaGl0ZSBQbGFpbnMgUHVibGljIFNjaG9vbHM6RzEwOlNjaWVuY2UgUmVzZWFyY2g6Sm91cm5hbEFydGljbGVzOjEwLjEwMDcyRnMwMDM4Mi0wMTctMzg1OS03LnBkZgAADgA+AB4AMQAwAC4AMQAwADAANwAyAEYAcwAwADAAMwA4ADIALQAwADEANwAtADMAOAA1ADkALQA3AC4AcABkAGYADwAaAAwATQBhAGMAaQBuAHQAbwBzAGgAIABIAEQAEgB7VXNlcnMvYmVuZ29sZG1hbi9PbmVEcml2ZSAtIFdoaXRlIFBsYWlucyBQdWJsaWMgU2Nob29scy9HMTAvU2NpZW5jZSBSZXNlYXJjaC9Kb3VybmFsQXJ0aWNsZXMvMTAuMTAwNzJGczAwMzgyLTAxNy0zODU5LTcucGRmAAATAAEvAAAVAAIAEf//AAAACAANABoAJABYAAAAAAAAAgEAAAAAAAAABQAAAAAAAAAAAAAAAAAAAng=}}

@article{vecchi2006weakening,
	Author = {Vecchi, Gabriel A and Soden, Brian J and Wittenberg, Andrew T and Held, Isaac M and Leetmaa, Ants and Harrison, Matthew J},
	Date-Added = {2020-04-20 12:47:59 -0400},
	Date-Modified = {2020-04-20 12:51:01 -0400},
	Journal = {Nature},
	Number = {7089},
	Pages = {73--76},
	Publisher = {Nature Publishing Group},
	Read = {0},
	Title = {Weakening of tropical Pacific atmospheric circulation due to anthropogenic forcing},
	Volume = {441},
	Year = {2006},
	Bdsk-File-1 = {YnBsaXN0MDDSAQIDBFxyZWxhdGl2ZVBhdGhZYWxpYXNEYXRhXxA1Li4vSm91cm5hbEFydGljbGVzL1ZlY2NoaSB3ZWFrZXIgdHJhZGUgd2luZHMgMjAwNi5wZGZPEQIsAAAAAAIsAAIAAAxNYWNpbnRvc2ggSEQAAAAAAAAAAAAAAAAAAAAAAAAAQkQAAf////8fVmVjY2hpIHdlYWtlciB0cmFkI0ZGRkZGRkZGLnBkZgAAAAAAAAAAAAAAAAAAAAAAAAAAAAAAAAAAAAAAAAAA/////wAAAAAAAAAAAAAAAAABAAIAAAogY3UAAAAAAAAAAAAAAAAAD0pvdXJuYWxBcnRpY2xlcwAAAgCBLzpVc2VyczpiZW5nb2xkbWFuOk9uZURyaXZlIC0gV2hpdGUgUGxhaW5zIFB1YmxpYyBTY2hvb2xzOkcxMDpTY2llbmNlIFJlc2VhcmNoOkpvdXJuYWxBcnRpY2xlczpWZWNjaGkgd2Vha2VyIHRyYWRlIHdpbmRzIDIwMDYucGRmAAAOAEYAIgBWAGUAYwBjAGgAaQAgAHcAZQBhAGsAZQByACAAdAByAGEAZABlACAAdwBpAG4AZABzACAAMgAwADAANgAuAHAAZABmAA8AGgAMAE0AYQBjAGkAbgB0AG8AcwBoACAASABEABIAf1VzZXJzL2JlbmdvbGRtYW4vT25lRHJpdmUgLSBXaGl0ZSBQbGFpbnMgUHVibGljIFNjaG9vbHMvRzEwL1NjaWVuY2UgUmVzZWFyY2gvSm91cm5hbEFydGljbGVzL1ZlY2NoaSB3ZWFrZXIgdHJhZGUgd2luZHMgMjAwNi5wZGYAABMAAS8AABUAAgAR//8AAAAIAA0AGgAkAFwAAAAAAAACAQAAAAAAAAAFAAAAAAAAAAAAAAAAAAACjA==}}

@article{kim2014response,
	Author = {Kim, Seon Tae and Cai, Wenju and Jin, Fei-Fei and Santoso, Agus and Wu, Lixin and Guilyardi, Eric and An, Soon-Il},
	Date-Added = {2020-04-20 12:46:11 -0400},
	Date-Modified = {2020-04-20 12:46:11 -0400},
	Journal = {Nature Climate Change},
	Number = {9},
	Pages = {786--790},
	Publisher = {Nature Publishing Group},
	Title = {Response of El Ni{\~n}o sea surface temperature variability to greenhouse warming},
	Volume = {4},
	Year = {2014},
	Bdsk-File-1 = {YnBsaXN0MDDSAQIDBFxyZWxhdGl2ZVBhdGhZYWxpYXNEYXRhXxAzLi4vSm91cm5hbEFydGljbGVzLzIwMTQwOTA0MDUzMzE0X25jbGltYXRlMjMyNjEucGRmTxECJAAAAAACJAACAAAMTWFjaW50b3NoIEhEAAAAAAAAAAAAAAAAAAAAAAAAAEJEAAH/////HzIwMTQwOTA0MDUzMzE0X25jbCNGRkZGRkZGRi5wZGYAAAAAAAAAAAAAAAAAAAAAAAAAAAAAAAAAAAAAAAAAAP////8AAAAAAAAAAAAAAAAAAQACAAAKIGN1AAAAAAAAAAAAAAAAAA9Kb3VybmFsQXJ0aWNsZXMAAAIAfy86VXNlcnM6YmVuZ29sZG1hbjpPbmVEcml2ZSAtIFdoaXRlIFBsYWlucyBQdWJsaWMgU2Nob29sczpHMTA6U2NpZW5jZSBSZXNlYXJjaDpKb3VybmFsQXJ0aWNsZXM6MjAxNDA5MDQwNTMzMTRfbmNsaW1hdGUyMzI2MS5wZGYAAA4AQgAgADIAMAAxADQAMAA5ADAANAAwADUAMwAzADEANABfAG4AYwBsAGkAbQBhAHQAZQAyADMAMgA2ADEALgBwAGQAZgAPABoADABNAGEAYwBpAG4AdABvAHMAaAAgAEgARAASAH1Vc2Vycy9iZW5nb2xkbWFuL09uZURyaXZlIC0gV2hpdGUgUGxhaW5zIFB1YmxpYyBTY2hvb2xzL0cxMC9TY2llbmNlIFJlc2VhcmNoL0pvdXJuYWxBcnRpY2xlcy8yMDE0MDkwNDA1MzMxNF9uY2xpbWF0ZTIzMjYxLnBkZgAAEwABLwAAFQACABH//wAAAAgADQAaACQAWgAAAAAAAAIBAAAAAAAAAAUAAAAAAAAAAAAAAAAAAAKC}}

@article{graham2014effectiveness,
	Author = {Graham, Felicity S. and Brown, Jaclyn N. and Langlais, Clothilde and Marsland, Simon J. and Wittenberg, Andrew T. and Holbrook, Neil J.},
	Date-Added = {2020-04-17 12:05:56 -0400},
	Date-Modified = {2020-04-17 12:06:21 -0400},
	Doi = {10.1007/s00382-014-2062-3},
	Issn = {1432-0894},
	Journal = {Climate Dynamics},
	Month = {Feb},
	Number = {9-10},
	Pages = {2399--2414},
	Publisher = {Springer Science and Business Media LLC},
	Title = {Effectiveness of the Bjerknes stability index in representing ocean dynamics},
	Url = {http://dx.doi.org/10.1007/s00382-014-2062-3},
	Volume = {43},
	Year = {2014},
	Bdsk-File-1 = {YnBsaXN0MDDSAQIDBFxyZWxhdGl2ZVBhdGhZYWxpYXNEYXRhXxApLi4vSm91cm5hbEFydGljbGVzL2dyYWhhbV9ldGFsX2NkMjAxNC5wZGZPEQH8AAAAAAH8AAIAAAxNYWNpbnRvc2ggSEQAAAAAAAAAAAAAAAAAAAAAAAAAQkQAAf////8WZ3JhaGFtX2V0YWxfY2QyMDE0LnBkZgAAAAAAAAAAAAAAAAAAAAAAAAAAAAAAAAAAAAAAAAAAAAAAAAAAAAAA/////wAAAAAAAAAAAAAAAAABAAIAAAogY3UAAAAAAAAAAAAAAAAAD0pvdXJuYWxBcnRpY2xlcwAAAgB1LzpVc2VyczpiZW5nb2xkbWFuOk9uZURyaXZlIC0gV2hpdGUgUGxhaW5zIFB1YmxpYyBTY2hvb2xzOkcxMDpTY2llbmNlIFJlc2VhcmNoOkpvdXJuYWxBcnRpY2xlczpncmFoYW1fZXRhbF9jZDIwMTQucGRmAAAOAC4AFgBnAHIAYQBoAGEAbQBfAGUAdABhAGwAXwBjAGQAMgAwADEANAAuAHAAZABmAA8AGgAMAE0AYQBjAGkAbgB0AG8AcwBoACAASABEABIAc1VzZXJzL2JlbmdvbGRtYW4vT25lRHJpdmUgLSBXaGl0ZSBQbGFpbnMgUHVibGljIFNjaG9vbHMvRzEwL1NjaWVuY2UgUmVzZWFyY2gvSm91cm5hbEFydGljbGVzL2dyYWhhbV9ldGFsX2NkMjAxNC5wZGYAABMAAS8AABUAAgAR//8AAAAIAA0AGgAkAFAAAAAAAAACAQAAAAAAAAAFAAAAAAAAAAAAAAAAAAACUA==}}

@article{bjerknes1969atmospheric,
	Author = {Bjerknes, Jacob},
	Journal = {Mon. Wea. Rev},
	Number = {3},
	Pages = {163--172},
	Title = {Atmospheric teleconnections from the equatorial Pacific},
	Volume = {97},
	Year = {1969},
	Bdsk-File-1 = {YnBsaXN0MDDSAQIDBFxyZWxhdGl2ZVBhdGhZYWxpYXNEYXRhXxAjLi4vSm91cm5hbEFydGljbGVzL0JqZXJrbmVzMTk2OS5wZGZPEQHkAAAAAAHkAAIAAAxNYWNpbnRvc2ggSEQAAAAAAAAAAAAAAAAAAAAAAAAAQkQAAf////8QQmplcmtuZXMxOTY5LnBkZgAAAAAAAAAAAAAAAAAAAAAAAAAAAAAAAAAAAAAAAAAAAAAAAAAAAAAAAAAAAAAA/////wAAAAAAAAAAAAAAAAABAAIAAAogY3UAAAAAAAAAAAAAAAAAD0pvdXJuYWxBcnRpY2xlcwAAAgBvLzpVc2VyczpiZW5nb2xkbWFuOk9uZURyaXZlIC0gV2hpdGUgUGxhaW5zIFB1YmxpYyBTY2hvb2xzOkcxMDpTY2llbmNlIFJlc2VhcmNoOkpvdXJuYWxBcnRpY2xlczpCamVya25lczE5NjkucGRmAAAOACIAEABCAGoAZQByAGsAbgBlAHMAMQA5ADYAOQAuAHAAZABmAA8AGgAMAE0AYQBjAGkAbgB0AG8AcwBoACAASABEABIAbVVzZXJzL2JlbmdvbGRtYW4vT25lRHJpdmUgLSBXaGl0ZSBQbGFpbnMgUHVibGljIFNjaG9vbHMvRzEwL1NjaWVuY2UgUmVzZWFyY2gvSm91cm5hbEFydGljbGVzL0JqZXJrbmVzMTk2OS5wZGYAABMAAS8AABUAAgAR//8AAAAIAA0AGgAkAEoAAAAAAAACAQAAAAAAAAAFAAAAAAAAAAAAAAAAAAACMg==}}

@article{jia2019weakening,
	Author = {Jia, Fan and Cai, Wenju and Wu, Lixin and Gan, Bolan and Wang, Guojian and Kucharski, Fred and Chang, Ping and Keenlyside, Noel},
	Journal = {Science advances},
	Number = {8},
	Pages = {eaax4111},
	Publisher = {American Association for the Advancement of Science},
	Title = {Weakening Atlantic Ni{\~n}o--Pacific connection under greenhouse warming},
	Volume = {5},
	Year = {2019},
	Bdsk-File-1 = {YnBsaXN0MDDSAQIDBFxyZWxhdGl2ZVBhdGhZYWxpYXNEYXRhXxAkLi4vSm91cm5hbEFydGljbGVzL2VhYXg0MTExLmZ1bGwucGRmTxEB5gAAAAAB5gACAAAMTWFjaW50b3NoIEhEAAAAAAAAAAAAAAAAAAAAAAAAAEJEAAH/////EWVhYXg0MTExLmZ1bGwucGRmAAAAAAAAAAAAAAAAAAAAAAAAAAAAAAAAAAAAAAAAAAAAAAAAAAAAAAAAAAAAAP////8AAAAAAAAAAAAAAAAAAQACAAAKIGN1AAAAAAAAAAAAAAAAAA9Kb3VybmFsQXJ0aWNsZXMAAAIAcC86VXNlcnM6YmVuZ29sZG1hbjpPbmVEcml2ZSAtIFdoaXRlIFBsYWlucyBQdWJsaWMgU2Nob29sczpHMTA6U2NpZW5jZSBSZXNlYXJjaDpKb3VybmFsQXJ0aWNsZXM6ZWFheDQxMTEuZnVsbC5wZGYADgAkABEAZQBhAGEAeAA0ADEAMQAxAC4AZgB1AGwAbAAuAHAAZABmAA8AGgAMAE0AYQBjAGkAbgB0AG8AcwBoACAASABEABIAblVzZXJzL2JlbmdvbGRtYW4vT25lRHJpdmUgLSBXaGl0ZSBQbGFpbnMgUHVibGljIFNjaG9vbHMvRzEwL1NjaWVuY2UgUmVzZWFyY2gvSm91cm5hbEFydGljbGVzL2VhYXg0MTExLmZ1bGwucGRmABMAAS8AABUAAgAR//8AAAAIAA0AGgAkAEsAAAAAAAACAQAAAAAAAAAFAAAAAAAAAAAAAAAAAAACNQ==}}

@article{emile2007nino,
	Author = {Emile-Geay, Julien and Cane, Mark and Seager, Richard and Kaplan, Alexey and Almasi, Peter},
	Journal = {Paleoceanography},
	Number = {3},
	Publisher = {Wiley Online Library},
	Title = {El Ni{\~n}o as a mediator of the solar influence on climate},
	Volume = {22},
	Year = {2007},
	Bdsk-File-1 = {YnBsaXN0MDDSAQIDBFxyZWxhdGl2ZVBhdGhZYWxpYXNEYXRhXxA9Li4vSm91cm5hbEFydGljbGVzL0VtaWxlLUdlYXlfZXRfYWwtMjAwNy1QYWxlb2NlYW5vZ3JhcGh5LnBkZk8RAkwAAAAAAkwAAgAADE1hY2ludG9zaCBIRAAAAAAAAAAAAAAAAAAAAAAAAABCRAAB/////x9FbWlsZS1HZWF5X2V0X2FsLTIjRkZGRkZGRkYucGRmAAAAAAAAAAAAAAAAAAAAAAAAAAAAAAAAAAAAAAAAAAD/////AAAAAAAAAAAAAAAAAAEAAgAACiBjdQAAAAAAAAAAAAAAAAAPSm91cm5hbEFydGljbGVzAAACAIkvOlVzZXJzOmJlbmdvbGRtYW46T25lRHJpdmUgLSBXaGl0ZSBQbGFpbnMgUHVibGljIFNjaG9vbHM6RzEwOlNjaWVuY2UgUmVzZWFyY2g6Sm91cm5hbEFydGljbGVzOkVtaWxlLUdlYXlfZXRfYWwtMjAwNy1QYWxlb2NlYW5vZ3JhcGh5LnBkZgAADgBWACoARQBtAGkAbABlAC0ARwBlAGEAeQBfAGUAdABfAGEAbAAtADIAMAAwADcALQBQAGEAbABlAG8AYwBlAGEAbgBvAGcAcgBhAHAAaAB5AC4AcABkAGYADwAaAAwATQBhAGMAaQBuAHQAbwBzAGgAIABIAEQAEgCHVXNlcnMvYmVuZ29sZG1hbi9PbmVEcml2ZSAtIFdoaXRlIFBsYWlucyBQdWJsaWMgU2Nob29scy9HMTAvU2NpZW5jZSBSZXNlYXJjaC9Kb3VybmFsQXJ0aWNsZXMvRW1pbGUtR2VheV9ldF9hbC0yMDA3LVBhbGVvY2Vhbm9ncmFwaHkucGRmAAATAAEvAAAVAAIAEf//AAAACAANABoAJABkAAAAAAAAAgEAAAAAAAAABQAAAAAAAAAAAAAAAAAAArQ=}}

@article{stevenson2019forced,
	Author = {Stevenson, Samantha and Capotondi, Antonietta and Fasullo, John and Otto-Bliesner, Bette},
	Journal = {Climate Dynamics},
	Number = {12},
	Pages = {7359--7374},
	Publisher = {Springer},
	Title = {Forced changes to twentieth century ENSO diversity in a last Millennium context},
	Volume = {52},
	Year = {2019},
	Bdsk-File-1 = {YnBsaXN0MDDSAQIDBFxyZWxhdGl2ZVBhdGhZYWxpYXNEYXRhXxApLi4vSm91cm5hbEFydGljbGVzL1N0ZXZlbnNvbmV0YWwyMDE3Yi5wZGZPEQH8AAAAAAH8AAIAAAxNYWNpbnRvc2ggSEQAAAAAAAAAAAAAAAAAAAAAAAAAQkQAAf////8WU3RldmVuc29uZXRhbDIwMTdiLnBkZgAAAAAAAAAAAAAAAAAAAAAAAAAAAAAAAAAAAAAAAAAAAAAAAAAAAAAA/////wAAAAAAAAAAAAAAAAABAAIAAAogY3UAAAAAAAAAAAAAAAAAD0pvdXJuYWxBcnRpY2xlcwAAAgB1LzpVc2VyczpiZW5nb2xkbWFuOk9uZURyaXZlIC0gV2hpdGUgUGxhaW5zIFB1YmxpYyBTY2hvb2xzOkcxMDpTY2llbmNlIFJlc2VhcmNoOkpvdXJuYWxBcnRpY2xlczpTdGV2ZW5zb25ldGFsMjAxN2IucGRmAAAOAC4AFgBTAHQAZQB2AGUAbgBzAG8AbgBlAHQAYQBsADIAMAAxADcAYgAuAHAAZABmAA8AGgAMAE0AYQBjAGkAbgB0AG8AcwBoACAASABEABIAc1VzZXJzL2JlbmdvbGRtYW4vT25lRHJpdmUgLSBXaGl0ZSBQbGFpbnMgUHVibGljIFNjaG9vbHMvRzEwL1NjaWVuY2UgUmVzZWFyY2gvSm91cm5hbEFydGljbGVzL1N0ZXZlbnNvbmV0YWwyMDE3Yi5wZGYAABMAAS8AABUAAgAR//8AAAAIAA0AGgAkAFAAAAAAAAACAQAAAAAAAAAFAAAAAAAAAAAAAAAAAAACUA==}}

@article{levine2017impact,
	Author = {Levine, Aaron FZ and McPhaden, Michael J and Frierson, Dargan MW},
	Journal = {Geophysical Research Letters},
	Number = {8},
	Pages = {3877--3886},
	Publisher = {Wiley Online Library},
	Title = {The impact of the AMO on multidecadal ENSO variability},
	Volume = {44},
	Year = {2017},
	Bdsk-File-1 = {YnBsaXN0MDDSAQIDBFxyZWxhdGl2ZVBhdGhZYWxpYXNEYXRhXxBFLi4vSm91cm5hbEFydGljbGVzL0xldmluZV9ldF9hbC0yMDE3LUdlb3BoeXNpY2FsX1Jlc2VhcmNoX0xldHRlcnMucGRmTxECbAAAAAACbAACAAAMTWFjaW50b3NoIEhEAAAAAAAAAAAAAAAAAAAAAAAAAEJEAAH/////H0xldmluZV9ldF9hbC0yMDE3LSNGRkZGRkZGRi5wZGYAAAAAAAAAAAAAAAAAAAAAAAAAAAAAAAAAAAAAAAAAAP////8AAAAAAAAAAAAAAAAAAQACAAAKIGN1AAAAAAAAAAAAAAAAAA9Kb3VybmFsQXJ0aWNsZXMAAAIAkS86VXNlcnM6YmVuZ29sZG1hbjpPbmVEcml2ZSAtIFdoaXRlIFBsYWlucyBQdWJsaWMgU2Nob29sczpHMTA6U2NpZW5jZSBSZXNlYXJjaDpKb3VybmFsQXJ0aWNsZXM6TGV2aW5lX2V0X2FsLTIwMTctR2VvcGh5c2ljYWxfUmVzZWFyY2hfTGV0dGVycy5wZGYAAA4AZgAyAEwAZQB2AGkAbgBlAF8AZQB0AF8AYQBsAC0AMgAwADEANwAtAEcAZQBvAHAAaAB5AHMAaQBjAGEAbABfAFIAZQBzAGUAYQByAGMAaABfAEwAZQB0AHQAZQByAHMALgBwAGQAZgAPABoADABNAGEAYwBpAG4AdABvAHMAaAAgAEgARAASAI9Vc2Vycy9iZW5nb2xkbWFuL09uZURyaXZlIC0gV2hpdGUgUGxhaW5zIFB1YmxpYyBTY2hvb2xzL0cxMC9TY2llbmNlIFJlc2VhcmNoL0pvdXJuYWxBcnRpY2xlcy9MZXZpbmVfZXRfYWwtMjAxNy1HZW9waHlzaWNhbF9SZXNlYXJjaF9MZXR0ZXJzLnBkZgAAEwABLwAAFQACABH//wAAAAgADQAaACQAbAAAAAAAAAIBAAAAAAAAAAUAAAAAAAAAAAAAAAAAAALc}}

@article{nowack2017role,
	Author = {Nowack, Peer J and Braesicke, Peter and Luke Abraham, N and Pyle, John A},
	Journal = {Geophysical research letters},
	Number = {8},
	Pages = {3858--3866},
	Publisher = {Wiley Online Library},
	Title = {On the role of ozone feedback in the ENSO amplitude response under global warming},
	Volume = {44},
	Year = {2017},
	Bdsk-File-1 = {YnBsaXN0MDDSAQIDBFxyZWxhdGl2ZVBhdGhZYWxpYXNEYXRhXxAjLi4vSm91cm5hbEFydGljbGVzLzIwMTZHTDA3MjQxOC5wZGZPEQHkAAAAAAHkAAIAAAxNYWNpbnRvc2ggSEQAAAAAAAAAAAAAAAAAAAAAAAAAQkQAAf////8QMjAxNkdMMDcyNDE4LnBkZgAAAAAAAAAAAAAAAAAAAAAAAAAAAAAAAAAAAAAAAAAAAAAAAAAAAAAAAAAAAAAA/////wAAAAAAAAAAAAAAAAABAAIAAAogY3UAAAAAAAAAAAAAAAAAD0pvdXJuYWxBcnRpY2xlcwAAAgBvLzpVc2VyczpiZW5nb2xkbWFuOk9uZURyaXZlIC0gV2hpdGUgUGxhaW5zIFB1YmxpYyBTY2hvb2xzOkcxMDpTY2llbmNlIFJlc2VhcmNoOkpvdXJuYWxBcnRpY2xlczoyMDE2R0wwNzI0MTgucGRmAAAOACIAEAAyADAAMQA2AEcATAAwADcAMgA0ADEAOAAuAHAAZABmAA8AGgAMAE0AYQBjAGkAbgB0AG8AcwBoACAASABEABIAbVVzZXJzL2JlbmdvbGRtYW4vT25lRHJpdmUgLSBXaGl0ZSBQbGFpbnMgUHVibGljIFNjaG9vbHMvRzEwL1NjaWVuY2UgUmVzZWFyY2gvSm91cm5hbEFydGljbGVzLzIwMTZHTDA3MjQxOC5wZGYAABMAAS8AABUAAgAR//8AAAAIAA0AGgAkAEoAAAAAAAACAQAAAAAAAAAFAAAAAAAAAAAAAAAAAAACMg==}}

@article{zhu2017reduced,
	Author = {Zhu, Jiang and Liu, Zhengyu and Brady, Esther and Otto-Bliesner, Bette and Zhang, Jiaxu and Noone, David and Tomas, Robert and Nusbaumer, Jesse and Wong, Tony and Jahn, Alexandra and others},
	Journal = {Geophysical Research Letters},
	Number = {13},
	Pages = {6984--6992},
	Publisher = {Wiley Online Library},
	Title = {Reduced ENSO variability at the LGM revealed by an isotope-enabled Earth system model},
	Volume = {44},
	Year = {2017},
	Bdsk-File-1 = {YnBsaXN0MDDSAQIDBFxyZWxhdGl2ZVBhdGhZYWxpYXNEYXRhXxBCLi4vSm91cm5hbEFydGljbGVzL1podV9ldF9hbC0yMDE3LUdlb3BoeXNpY2FsX1Jlc2VhcmNoX0xldHRlcnMucGRmTxECXgAAAAACXgACAAAMTWFjaW50b3NoIEhEAAAAAAAAAAAAAAAAAAAAAAAAAEJEAAH/////H1podV9ldF9hbC0yMDE3LUdlbyNGRkZGRkZGRi5wZGYAAAAAAAAAAAAAAAAAAAAAAAAAAAAAAAAAAAAAAAAAAP////8AAAAAAAAAAAAAAAAAAQACAAAKIGN1AAAAAAAAAAAAAAAAAA9Kb3VybmFsQXJ0aWNsZXMAAAIAji86VXNlcnM6YmVuZ29sZG1hbjpPbmVEcml2ZSAtIFdoaXRlIFBsYWlucyBQdWJsaWMgU2Nob29sczpHMTA6U2NpZW5jZSBSZXNlYXJjaDpKb3VybmFsQXJ0aWNsZXM6Wmh1X2V0X2FsLTIwMTctR2VvcGh5c2ljYWxfUmVzZWFyY2hfTGV0dGVycy5wZGYADgBgAC8AWgBoAHUAXwBlAHQAXwBhAGwALQAyADAAMQA3AC0ARwBlAG8AcABoAHkAcwBpAGMAYQBsAF8AUgBlAHMAZQBhAHIAYwBoAF8ATABlAHQAdABlAHIAcwAuAHAAZABmAA8AGgAMAE0AYQBjAGkAbgB0AG8AcwBoACAASABEABIAjFVzZXJzL2JlbmdvbGRtYW4vT25lRHJpdmUgLSBXaGl0ZSBQbGFpbnMgUHVibGljIFNjaG9vbHMvRzEwL1NjaWVuY2UgUmVzZWFyY2gvSm91cm5hbEFydGljbGVzL1podV9ldF9hbC0yMDE3LUdlb3BoeXNpY2FsX1Jlc2VhcmNoX0xldHRlcnMucGRmABMAAS8AABUAAgAR//8AAAAIAA0AGgAkAGkAAAAAAAACAQAAAAAAAAAFAAAAAAAAAAAAAAAAAAACyw==}}

@article{liu2007atmospheric,
	Author = {Liu, Zhengyu and Alexander, Mike},
	Journal = {Reviews of Geophysics},
	Number = {2},
	Publisher = {Wiley Online Library},
	Title = {Atmospheric bridge, oceanic tunnel, and global climatic teleconnections},
	Volume = {45},
	Year = {2007},
	Bdsk-File-1 = {YnBsaXN0MDDSAQIDBFxyZWxhdGl2ZVBhdGhZYWxpYXNEYXRhXxAjLi4vSm91cm5hbEFydGljbGVzLzIwMDVSRzAwMDE3Mi5wZGZPEQHkAAAAAAHkAAIAAAxNYWNpbnRvc2ggSEQAAAAAAAAAAAAAAAAAAAAAAAAAQkQAAf////8QMjAwNVJHMDAwMTcyLnBkZgAAAAAAAAAAAAAAAAAAAAAAAAAAAAAAAAAAAAAAAAAAAAAAAAAAAAAAAAAAAAAA/////wAAAAAAAAAAAAAAAAABAAIAAAogY3UAAAAAAAAAAAAAAAAAD0pvdXJuYWxBcnRpY2xlcwAAAgBvLzpVc2VyczpiZW5nb2xkbWFuOk9uZURyaXZlIC0gV2hpdGUgUGxhaW5zIFB1YmxpYyBTY2hvb2xzOkcxMDpTY2llbmNlIFJlc2VhcmNoOkpvdXJuYWxBcnRpY2xlczoyMDA1UkcwMDAxNzIucGRmAAAOACIAEAAyADAAMAA1AFIARwAwADAAMAAxADcAMgAuAHAAZABmAA8AGgAMAE0AYQBjAGkAbgB0AG8AcwBoACAASABEABIAbVVzZXJzL2JlbmdvbGRtYW4vT25lRHJpdmUgLSBXaGl0ZSBQbGFpbnMgUHVibGljIFNjaG9vbHMvRzEwL1NjaWVuY2UgUmVzZWFyY2gvSm91cm5hbEFydGljbGVzLzIwMDVSRzAwMDE3Mi5wZGYAABMAAS8AABUAAgAR//8AAAAIAA0AGgAkAEoAAAAAAAACAQAAAAAAAAAFAAAAAAAAAAAAAAAAAAACMg==}}
