%% This BibTeX bibliography file was created using BibDesk.
%% https://bibdesk.sourceforge.io/

%% Created for Ben Goldman at 2020-08-27 13:55:17 -0400 


%% Saved with string encoding Unicode (UTF-8) 



@article{phillips2014evaluating,
	Author = {Phillips, Adam S and Deser, Clara and Fasullo, John},
	Date-Added = {2020-08-27 13:53:07 -0400},
	Date-Modified = {2020-08-27 13:53:07 -0400},
	Journal = {Eos, Transactions American Geophysical Union},
	Number = {49},
	Pages = {453--455},
	Publisher = {Wiley Online Library},
	Title = {Evaluating modes of variability in climate models},
	Volume = {95},
	Year = {2014}}

@article{yeo2017role,
	Author = {Yeo, Sae-Rim and Yeh, Sang-Wook and Kim, Kwang-Yul and Kim, WonMoo},
	Date-Added = {2020-08-27 12:56:53 -0400},
	Date-Modified = {2020-08-27 13:04:47 -0400},
	Journal = {Climate Dynamics},
	Number = {4},
	Pages = {1197--1213},
	Publisher = {Springer},
	Summer-To-Print = {1},
	Title = {The role of low-frequency variation in the manifestation of warming trend and ENSO amplitude},
	Volume = {49},
	Year = {2017},
	Bdsk-File-1 = {YnBsaXN0MDDSAQIDBFxyZWxhdGl2ZVBhdGhZYWxpYXNEYXRhXxCELi4vLi4vT25lRHJpdmUgLSBXaGl0ZSBQbGFpbnMgUHVibGljIFNjaG9vbHMvU2NpZW5jZSBSZXNlYXJjaC9Kb3VybmFsQXJ0aWNsZXMvVGhlX3JvbGVfb2ZfbG93LWZyZXF1ZW5jeV92YXJpYXRpb25faW5fdGhlX21hbmlmZXMucGRmTxECdAAAAAACdAACAAAMTWFjaW50b3NoIEhEAAAAAAAAAAAAAAAAAAAAAAAAAEJEAAH/////H1RoZV9yb2xlX29mX2xvdy1mciNGRkZGRkZGRi5wZGYAAAAAAAAAAAAAAAAAAAAAAAAAAAAAAAAAAAAAAAAAAP////8AAAAAAAAAAAAAAAAAAgAEAAAKIGN1AAAAAAAAAAAAAAAAAA9Kb3VybmFsQXJ0aWNsZXMAAAIAkS86VXNlcnM6YmVuZ29sZG1hbjpPbmVEcml2ZSAtIFdoaXRlIFBsYWlucyBQdWJsaWMgU2Nob29sczpTY2llbmNlIFJlc2VhcmNoOkpvdXJuYWxBcnRpY2xlczpUaGVfcm9sZV9vZl9sb3ctZnJlcXVlbmN5X3ZhcmlhdGlvbl9pbl90aGVfbWFuaWZlcy5wZGYAAA4AbgA2AFQAaABlAF8AcgBvAGwAZQBfAG8AZgBfAGwAbwB3AC0AZgByAGUAcQB1AGUAbgBjAHkAXwB2AGEAcgBpAGEAdABpAG8AbgBfAGkAbgBfAHQAaABlAF8AbQBhAG4AaQBmAGUAcwAuAHAAZABmAA8AGgAMAE0AYQBjAGkAbgB0AG8AcwBoACAASABEABIAj1VzZXJzL2JlbmdvbGRtYW4vT25lRHJpdmUgLSBXaGl0ZSBQbGFpbnMgUHVibGljIFNjaG9vbHMvU2NpZW5jZSBSZXNlYXJjaC9Kb3VybmFsQXJ0aWNsZXMvVGhlX3JvbGVfb2ZfbG93LWZyZXF1ZW5jeV92YXJpYXRpb25faW5fdGhlX21hbmlmZXMucGRmAAATAAEvAAAVAAIAEf//AAAACAANABoAJACrAAAAAAAAAgEAAAAAAAAABQAAAAAAAAAAAAAAAAAAAyM=}}

@article{kohyama2018weakening,
	Author = {Kohyama, Tsubasa and Hartmann, Dennis L and Battisti, David S},
	Date-Added = {2020-08-27 12:56:13 -0400},
	Date-Modified = {2020-08-27 12:58:52 -0400},
	Journal = {Geophysical Research Letters},
	Number = {16},
	Pages = {8557--8567},
	Publisher = {Wiley Online Library},
	Summer-To-Print = {1},
	Title = {Weakening of nonlinear ENSO under global warming},
	Volume = {45},
	Year = {2018},
	Bdsk-File-1 = {YnBsaXN0MDDSAQIDBFxyZWxhdGl2ZVBhdGhZYWxpYXNEYXRhXxBeLi4vLi4vT25lRHJpdmUgLSBXaGl0ZSBQbGFpbnMgUHVibGljIFNjaG9vbHMvU2NpZW5jZSBSZXNlYXJjaC9Kb3VybmFsQXJ0aWNsZXMvMjAxOEdMMDc5MDg1LnBkZk8RAdwAAAAAAdwAAgAADE1hY2ludG9zaCBIRAAAAAAAAAAAAAAAAAAAAAAAAABCRAAB/////xAyMDE4R0wwNzkwODUucGRmAAAAAAAAAAAAAAAAAAAAAAAAAAAAAAAAAAAAAAAAAAAAAAAAAAAAAAAAAAAAAAD/////AAAAAAAAAAAAAAAAAAIABAAACiBjdQAAAAAAAAAAAAAAAAAPSm91cm5hbEFydGljbGVzAAACAGsvOlVzZXJzOmJlbmdvbGRtYW46T25lRHJpdmUgLSBXaGl0ZSBQbGFpbnMgUHVibGljIFNjaG9vbHM6U2NpZW5jZSBSZXNlYXJjaDpKb3VybmFsQXJ0aWNsZXM6MjAxOEdMMDc5MDg1LnBkZgAADgAiABAAMgAwADEAOABHAEwAMAA3ADkAMAA4ADUALgBwAGQAZgAPABoADABNAGEAYwBpAG4AdABvAHMAaAAgAEgARAASAGlVc2Vycy9iZW5nb2xkbWFuL09uZURyaXZlIC0gV2hpdGUgUGxhaW5zIFB1YmxpYyBTY2hvb2xzL1NjaWVuY2UgUmVzZWFyY2gvSm91cm5hbEFydGljbGVzLzIwMThHTDA3OTA4NS5wZGYAABMAAS8AABUAAgAR//8AAAAIAA0AGgAkAIUAAAAAAAACAQAAAAAAAAAFAAAAAAAAAAAAAAAAAAACZQ==}}

@article{rashid2016atmospheric,
	Author = {Rashid, Harun A and Hirst, Anthony C and Marsland, Simon J},
	Date-Added = {2020-08-21 13:54:48 -0400},
	Date-Modified = {2020-08-27 12:59:06 -0400},
	Journal = {Geophysical Research Letters},
	Number = {4},
	Pages = {1687--1694},
	Publisher = {Wiley Online Library},
	Summer-To-Print = {1},
	Title = {An atmospheric mechanism for ENSO amplitude changes under an abrupt quadrupling of CO2 concentration in CMIP5 models},
	Volume = {43},
	Year = {2016},
	Bdsk-File-1 = {YnBsaXN0MDDSAQIDBFxyZWxhdGl2ZVBhdGhZYWxpYXNEYXRhXxBeLi4vLi4vT25lRHJpdmUgLSBXaGl0ZSBQbGFpbnMgUHVibGljIFNjaG9vbHMvU2NpZW5jZSBSZXNlYXJjaC9Kb3VybmFsQXJ0aWNsZXMvMjAxNUdMMDY2NzY4LnBkZk8RAdwAAAAAAdwAAgAADE1hY2ludG9zaCBIRAAAAAAAAAAAAAAAAAAAAAAAAABCRAAB/////xAyMDE1R0wwNjY3NjgucGRmAAAAAAAAAAAAAAAAAAAAAAAAAAAAAAAAAAAAAAAAAAAAAAAAAAAAAAAAAAAAAAD/////AAAAAAAAAAAAAAAAAAIABAAACiBjdQAAAAAAAAAAAAAAAAAPSm91cm5hbEFydGljbGVzAAACAGsvOlVzZXJzOmJlbmdvbGRtYW46T25lRHJpdmUgLSBXaGl0ZSBQbGFpbnMgUHVibGljIFNjaG9vbHM6U2NpZW5jZSBSZXNlYXJjaDpKb3VybmFsQXJ0aWNsZXM6MjAxNUdMMDY2NzY4LnBkZgAADgAiABAAMgAwADEANQBHAEwAMAA2ADYANwA2ADgALgBwAGQAZgAPABoADABNAGEAYwBpAG4AdABvAHMAaAAgAEgARAASAGlVc2Vycy9iZW5nb2xkbWFuL09uZURyaXZlIC0gV2hpdGUgUGxhaW5zIFB1YmxpYyBTY2hvb2xzL1NjaWVuY2UgUmVzZWFyY2gvSm91cm5hbEFydGljbGVzLzIwMTVHTDA2Njc2OC5wZGYAABMAAS8AABUAAgAR//8AAAAIAA0AGgAkAIUAAAAAAAACAQAAAAAAAAAFAAAAAAAAAAAAAAAAAAACZQ==}}

@article{chen2015causes,
	Author = {Chen, Lin and Li, Tim and Yu, Yongqiang},
	Date-Added = {2020-08-21 13:53:00 -0400},
	Date-Modified = {2020-08-21 13:53:00 -0400},
	Journal = {Journal of Climate},
	Number = {8},
	Pages = {3250--3274},
	Title = {Causes of strengthening and weakening of ENSO amplitude under global warming in four CMIP5 models},
	Volume = {28},
	Year = {2015},
	Bdsk-File-1 = {YnBsaXN0MDDSAQIDBFxyZWxhdGl2ZVBhdGhZYWxpYXNEYXRhXxBjLi4vLi4vT25lRHJpdmUgLSBXaGl0ZSBQbGFpbnMgUHVibGljIFNjaG9vbHMvU2NpZW5jZSBSZXNlYXJjaC9Kb3VybmFsQXJ0aWNsZXMvamNsaS1kLTE0LTAwNDM5XzEucGRmTxEB7gAAAAAB7gACAAAMTWFjaW50b3NoIEhEAAAAAAAAAAAAAAAAAAAAAAAAAEJEAAH/////FWpjbGktZC0xNC0wMDQzOV8xLnBkZgAAAAAAAAAAAAAAAAAAAAAAAAAAAAAAAAAAAAAAAAAAAAAAAAAAAAAAAP////8AAAAAAAAAAAAAAAAAAgAEAAAKIGN1AAAAAAAAAAAAAAAAAA9Kb3VybmFsQXJ0aWNsZXMAAAIAcC86VXNlcnM6YmVuZ29sZG1hbjpPbmVEcml2ZSAtIFdoaXRlIFBsYWlucyBQdWJsaWMgU2Nob29sczpTY2llbmNlIFJlc2VhcmNoOkpvdXJuYWxBcnRpY2xlczpqY2xpLWQtMTQtMDA0MzlfMS5wZGYADgAsABUAagBjAGwAaQAtAGQALQAxADQALQAwADAANAAzADkAXwAxAC4AcABkAGYADwAaAAwATQBhAGMAaQBuAHQAbwBzAGgAIABIAEQAEgBuVXNlcnMvYmVuZ29sZG1hbi9PbmVEcml2ZSAtIFdoaXRlIFBsYWlucyBQdWJsaWMgU2Nob29scy9TY2llbmNlIFJlc2VhcmNoL0pvdXJuYWxBcnRpY2xlcy9qY2xpLWQtMTQtMDA0MzlfMS5wZGYAEwABLwAAFQACABH//wAAAAgADQAaACQAigAAAAAAAAIBAAAAAAAAAAUAAAAAAAAAAAAAAAAAAAJ8}}

@article{maher2018enso,
	Author = {Maher, Nicola and Matei, Daniela and Milinski, Sebastian and Marotzke, Jochem},
	Date-Added = {2020-08-21 13:51:06 -0400},
	Date-Modified = {2020-08-27 12:58:58 -0400},
	Journal = {Geophysical Research Letters},
	Number = {20},
	Pages = {11--390},
	Publisher = {Wiley Online Library},
	Read = {-},
	Summer-To-Print = {1},
	Title = {ENSO change in climate projections: Forced response or internal variability?},
	Volume = {45},
	Year = {2018},
	Bdsk-File-1 = {YnBsaXN0MDDSAQIDBFxyZWxhdGl2ZVBhdGhZYWxpYXNEYXRhXxB/Li4vLi4vT25lRHJpdmUgLSBXaGl0ZSBQbGFpbnMgUHVibGljIFNjaG9vbHMvU2NpZW5jZSBSZXNlYXJjaC9Kb3VybmFsQXJ0aWNsZXMvTWFoZXJfZXRfYWwtMjAxOC1HZW9waHlzaWNhbF9SZXNlYXJjaF9MZXR0ZXJzLnBkZk8RAl4AAAAAAl4AAgAADE1hY2ludG9zaCBIRAAAAAAAAAAAAAAAAAAAAAAAAABCRAAB/////x9NYWhlcl9ldF9hbC0yMDE4LUcjRkZGRkZGRkYucGRmAAAAAAAAAAAAAAAAAAAAAAAAAAAAAAAAAAAAAAAAAAD/////AAAAAAAAAAAAAAAAAAIABAAACiBjdQAAAAAAAAAAAAAAAAAPSm91cm5hbEFydGljbGVzAAACAIwvOlVzZXJzOmJlbmdvbGRtYW46T25lRHJpdmUgLSBXaGl0ZSBQbGFpbnMgUHVibGljIFNjaG9vbHM6U2NpZW5jZSBSZXNlYXJjaDpKb3VybmFsQXJ0aWNsZXM6TWFoZXJfZXRfYWwtMjAxOC1HZW9waHlzaWNhbF9SZXNlYXJjaF9MZXR0ZXJzLnBkZgAOAGQAMQBNAGEAaABlAHIAXwBlAHQAXwBhAGwALQAyADAAMQA4AC0ARwBlAG8AcABoAHkAcwBpAGMAYQBsAF8AUgBlAHMAZQBhAHIAYwBoAF8ATABlAHQAdABlAHIAcwAuAHAAZABmAA8AGgAMAE0AYQBjAGkAbgB0AG8AcwBoACAASABEABIAilVzZXJzL2JlbmdvbGRtYW4vT25lRHJpdmUgLSBXaGl0ZSBQbGFpbnMgUHVibGljIFNjaG9vbHMvU2NpZW5jZSBSZXNlYXJjaC9Kb3VybmFsQXJ0aWNsZXMvTWFoZXJfZXRfYWwtMjAxOC1HZW9waHlzaWNhbF9SZXNlYXJjaF9MZXR0ZXJzLnBkZgATAAEvAAAVAAIAEf//AAAACAANABoAJACmAAAAAAAAAgEAAAAAAAAABQAAAAAAAAAAAAAAAAAAAwg=}}

@article{chen2017possible,
	Author = {Chen, Lin and Li, Tim and Yu, Yongqiang and Behera, Swadhin K},
	Date-Added = {2020-08-21 13:48:56 -0400},
	Date-Modified = {2020-08-27 13:10:08 -0400},
	Journal = {Climate Dynamics},
	Number = {11-12},
	Pages = {3799--3811},
	Publisher = {Springer},
	Summer-To-Print = {1},
	Title = {A possible explanation for the divergent projection of ENSO amplitude change under global warming},
	Volume = {49},
	Year = {2017},
	Bdsk-File-1 = {YnBsaXN0MDDSAQIDBFxyZWxhdGl2ZVBhdGhZYWxpYXNEYXRhXxBjLi4vLi4vT25lRHJpdmUgLSBXaGl0ZSBQbGFpbnMgUHVibGljIFNjaG9vbHMvU2NpZW5jZSBSZXNlYXJjaC9Kb3VybmFsQXJ0aWNsZXMvQ2hlbjIwMTdDRF9HV0VOU08ucGRmTxEB7gAAAAAB7gACAAAMTWFjaW50b3NoIEhEAAAAAAAAAAAAAAAAAAAAAAAAAEJEAAH/////FUNoZW4yMDE3Q0RfR1dFTlNPLnBkZgAAAAAAAAAAAAAAAAAAAAAAAAAAAAAAAAAAAAAAAAAAAAAAAAAAAAAAAP////8AAAAAAAAAAAAAAAAAAgAEAAAKIGN1AAAAAAAAAAAAAAAAAA9Kb3VybmFsQXJ0aWNsZXMAAAIAcC86VXNlcnM6YmVuZ29sZG1hbjpPbmVEcml2ZSAtIFdoaXRlIFBsYWlucyBQdWJsaWMgU2Nob29sczpTY2llbmNlIFJlc2VhcmNoOkpvdXJuYWxBcnRpY2xlczpDaGVuMjAxN0NEX0dXRU5TTy5wZGYADgAsABUAQwBoAGUAbgAyADAAMQA3AEMARABfAEcAVwBFAE4AUwBPAC4AcABkAGYADwAaAAwATQBhAGMAaQBuAHQAbwBzAGgAIABIAEQAEgBuVXNlcnMvYmVuZ29sZG1hbi9PbmVEcml2ZSAtIFdoaXRlIFBsYWlucyBQdWJsaWMgU2Nob29scy9TY2llbmNlIFJlc2VhcmNoL0pvdXJuYWxBcnRpY2xlcy9DaGVuMjAxN0NEX0dXRU5TTy5wZGYAEwABLwAAFQACABH//wAAAAgADQAaACQAigAAAAAAAAIBAAAAAAAAAAUAAAAAAAAAAAAAAAAAAAJ8}}

@article{jimenez2016record,
	Author = {Jim{\'e}nez-Mu{\~n}oz, Juan C and Mattar, Cristian and Barichivich, Jonathan and Santamar{\'\i}a-Artigas, Andr{\'e}s and Takahashi, Ken and Malhi, Yadvinder and Sobrino, Jos{\'e} A and Van Der Schrier, Gerard},
	Date-Added = {2020-08-16 12:43:01 -0400},
	Date-Modified = {2020-08-27 12:33:20 -0400},
	Journal = {Scientific reports},
	Pages = {33130},
	Publisher = {Nature Publishing Group},
	Summer-To-Print = {0},
	Title = {Record-breaking warming and extreme drought in the Amazon rainforest during the course of El Ni{\~n}o 2015--2016},
	Volume = {6},
	Year = {2016},
	Bdsk-File-1 = {YnBsaXN0MDDSAQIDBFxyZWxhdGl2ZVBhdGhZYWxpYXNEYXRhXxBbLi4vLi4vT25lRHJpdmUgLSBXaGl0ZSBQbGFpbnMgUHVibGljIFNjaG9vbHMvU2NpZW5jZSBSZXNlYXJjaC9Kb3VybmFsQXJ0aWNsZXMvc3JlcDMzMTMwLnBkZk8RAc4AAAAAAc4AAgAADE1hY2ludG9zaCBIRAAAAAAAAAAAAAAAAAAAAAAAAABCRAAB/////w1zcmVwMzMxMzAucGRmAAAAAAAAAAAAAAAAAAAAAAAAAAAAAAAAAAAAAAAAAAAAAAAAAAAAAAAAAAAAAAAAAAD/////AAAAAAAAAAAAAAAAAAIABAAACiBjdQAAAAAAAAAAAAAAAAAPSm91cm5hbEFydGljbGVzAAACAGgvOlVzZXJzOmJlbmdvbGRtYW46T25lRHJpdmUgLSBXaGl0ZSBQbGFpbnMgUHVibGljIFNjaG9vbHM6U2NpZW5jZSBSZXNlYXJjaDpKb3VybmFsQXJ0aWNsZXM6c3JlcDMzMTMwLnBkZgAOABwADQBzAHIAZQBwADMAMwAxADMAMAAuAHAAZABmAA8AGgAMAE0AYQBjAGkAbgB0AG8AcwBoACAASABEABIAZlVzZXJzL2JlbmdvbGRtYW4vT25lRHJpdmUgLSBXaGl0ZSBQbGFpbnMgUHVibGljIFNjaG9vbHMvU2NpZW5jZSBSZXNlYXJjaC9Kb3VybmFsQXJ0aWNsZXMvc3JlcDMzMTMwLnBkZgATAAEvAAAVAAIAEf//AAAACAANABoAJACCAAAAAAAAAgEAAAAAAAAABQAAAAAAAAAAAAAAAAAAAlQ=}}

@article{ropelewski1987global,
	Author = {Ropelewski, Chester F and Halpert, Michael S},
	Date-Added = {2020-08-14 17:50:19 -0400},
	Date-Modified = {2020-08-27 12:40:14 -0400},
	Journal = {Monthly weather review},
	Number = {8},
	Pages = {1606--1626},
	Summer-To-Print = {0},
	Title = {Global and regional scale precipitation patterns associated with the El Ni{\~n}o/Southern Oscillation},
	Volume = {115},
	Year = {1987},
	Bdsk-File-1 = {YnBsaXN0MDDSAQIDBFxyZWxhdGl2ZVBhdGhZYWxpYXNEYXRhXxB5Li4vLi4vT25lRHJpdmUgLSBXaGl0ZSBQbGFpbnMgUHVibGljIFNjaG9vbHMvU2NpZW5jZSBSZXNlYXJjaC9Kb3VybmFsQXJ0aWNsZXMvMTUyMC0wNDkzKDE5ODcpMTE1XzE2MDZfZ2Fyc3BwXzJfMF9jb18yLnBkZk8RAkYAAAAAAkYAAgAADE1hY2ludG9zaCBIRAAAAAAAAAAAAAAAAAAAAAAAAABCRAAB/////x8xNTIwLTA0OTMoMTk4NykxMTUjRkZGRkZGRkYucGRmAAAAAAAAAAAAAAAAAAAAAAAAAAAAAAAAAAAAAAAAAAD/////AAAAAAAAAAAAAAAAAAIABAAACiBjdQAAAAAAAAAAAAAAAAAPSm91cm5hbEFydGljbGVzAAACAIYvOlVzZXJzOmJlbmdvbGRtYW46T25lRHJpdmUgLSBXaGl0ZSBQbGFpbnMgUHVibGljIFNjaG9vbHM6U2NpZW5jZSBSZXNlYXJjaDpKb3VybmFsQXJ0aWNsZXM6MTUyMC0wNDkzKDE5ODcpMTE1XzE2MDZfZ2Fyc3BwXzJfMF9jb18yLnBkZgAOAFgAKwAxADUAMgAwAC0AMAA0ADkAMwAoADEAOQA4ADcAKQAxADEANQBfADEANgAwADYAXwBnAGEAcgBzAHAAcABfADIAXwAwAF8AYwBvAF8AMgAuAHAAZABmAA8AGgAMAE0AYQBjAGkAbgB0AG8AcwBoACAASABEABIAhFVzZXJzL2JlbmdvbGRtYW4vT25lRHJpdmUgLSBXaGl0ZSBQbGFpbnMgUHVibGljIFNjaG9vbHMvU2NpZW5jZSBSZXNlYXJjaC9Kb3VybmFsQXJ0aWNsZXMvMTUyMC0wNDkzKDE5ODcpMTE1XzE2MDZfZ2Fyc3BwXzJfMF9jb18yLnBkZgATAAEvAAAVAAIAEf//AAAACAANABoAJACgAAAAAAAAAgEAAAAAAAAABQAAAAAAAAAAAAAAAAAAAuo=}}

@article{zheng2016intermodel,
	Author = {Zheng, Xiao-Tong and Xie, Shang-Ping and Lv, Liang-Hong and Zhou, Zhen-Qiang},
	Date-Added = {2020-07-23 13:34:31 -0400},
	Date-Modified = {2020-08-27 13:05:45 -0400},
	Journal = {Journal of Climate},
	Number = {20},
	Pages = {7265--7279},
	Summer-To-Print = {1},
	Title = {Intermodel uncertainty in ENSO amplitude change tied to Pacific Ocean warming pattern},
	Volume = {29},
	Year = {2016},
	Bdsk-File-1 = {YnBsaXN0MDDSAQIDBFxyZWxhdGl2ZVBhdGhZYWxpYXNEYXRhXxBiLi4vLi4vT25lRHJpdmUgLSBXaGl0ZSBQbGFpbnMgUHVibGljIFNjaG9vbHMvU2NpZW5jZSBSZXNlYXJjaC9Kb3VybmFsQXJ0aWNsZXMvamNsaS1kLTE2LTAwMzlfMS5wZGZPEQHsAAAAAAHsAAIAAAxNYWNpbnRvc2ggSEQAAAAAAAAAAAAAAAAAAAAAAAAAQkQAAf////8UamNsaS1kLTE2LTAwMzlfMS5wZGYAAAAAAAAAAAAAAAAAAAAAAAAAAAAAAAAAAAAAAAAAAAAAAAAAAAAAAAAA/////wAAAAAAAAAAAAAAAAACAAQAAAogY3UAAAAAAAAAAAAAAAAAD0pvdXJuYWxBcnRpY2xlcwAAAgBvLzpVc2VyczpiZW5nb2xkbWFuOk9uZURyaXZlIC0gV2hpdGUgUGxhaW5zIFB1YmxpYyBTY2hvb2xzOlNjaWVuY2UgUmVzZWFyY2g6Sm91cm5hbEFydGljbGVzOmpjbGktZC0xNi0wMDM5XzEucGRmAAAOACoAFABqAGMAbABpAC0AZAAtADEANgAtADAAMAAzADkAXwAxAC4AcABkAGYADwAaAAwATQBhAGMAaQBuAHQAbwBzAGgAIABIAEQAEgBtVXNlcnMvYmVuZ29sZG1hbi9PbmVEcml2ZSAtIFdoaXRlIFBsYWlucyBQdWJsaWMgU2Nob29scy9TY2llbmNlIFJlc2VhcmNoL0pvdXJuYWxBcnRpY2xlcy9qY2xpLWQtMTYtMDAzOV8xLnBkZgAAEwABLwAAFQACABH//wAAAAgADQAaACQAiQAAAAAAAAIBAAAAAAAAAAUAAAAAAAAAAAAAAAAAAAJ5}}

@incollection{wang2017nino,
	Author = {Wang, Chunzai and Deser, Clara and Yu, Jin-Yi and DiNezio, Pedro and Clement, Amy},
	Booktitle = {Coral reefs of the eastern tropical Pacific},
	Date-Added = {2020-07-23 13:27:54 -0400},
	Date-Modified = {2020-07-23 13:27:54 -0400},
	Pages = {85--106},
	Publisher = {Springer},
	Title = {El Ni{\~n}o and southern oscillation (ENSO): a review},
	Year = {2017},
	Bdsk-File-1 = {YnBsaXN0MDDSAQIDBFxyZWxhdGl2ZVBhdGhZYWxpYXNEYXRhXxBlLi4vLi4vT25lRHJpdmUgLSBXaGl0ZSBQbGFpbnMgUHVibGljIFNjaG9vbHMvU2NpZW5jZSBSZXNlYXJjaC9Kb3VybmFsQXJ0aWNsZXMvV2FuZy5ldCBhbC5DaDQuMjAxNi5wZGZPEQH2AAAAAAH2AAIAAAxNYWNpbnRvc2ggSEQAAAAAAAAAAAAAAAAAAAAAAAAAQkQAAf////8XV2FuZy5ldCBhbC5DaDQuMjAxNi5wZGYAAAAAAAAAAAAAAAAAAAAAAAAAAAAAAAAAAAAAAAAAAAAAAAAAAAAA/////wAAAAAAAAAAAAAAAAACAAQAAAogY3UAAAAAAAAAAAAAAAAAD0pvdXJuYWxBcnRpY2xlcwAAAgByLzpVc2VyczpiZW5nb2xkbWFuOk9uZURyaXZlIC0gV2hpdGUgUGxhaW5zIFB1YmxpYyBTY2hvb2xzOlNjaWVuY2UgUmVzZWFyY2g6Sm91cm5hbEFydGljbGVzOldhbmcuZXQgYWwuQ2g0LjIwMTYucGRmAA4AMAAXAFcAYQBuAGcALgBlAHQAIABhAGwALgBDAGgANAAuADIAMAAxADYALgBwAGQAZgAPABoADABNAGEAYwBpAG4AdABvAHMAaAAgAEgARAASAHBVc2Vycy9iZW5nb2xkbWFuL09uZURyaXZlIC0gV2hpdGUgUGxhaW5zIFB1YmxpYyBTY2hvb2xzL1NjaWVuY2UgUmVzZWFyY2gvSm91cm5hbEFydGljbGVzL1dhbmcuZXQgYWwuQ2g0LjIwMTYucGRmABMAAS8AABUAAgAR//8AAAAIAA0AGgAkAIwAAAAAAAACAQAAAAAAAAAFAAAAAAAAAAAAAAAAAAAChg==}}

@article{kiladis2009convectively,
	Author = {Kiladis, George N and Wheeler, Matthew C and Haertel, Patrick T and Straub, Katherine H and Roundy, Paul E},
	Date-Added = {2020-07-20 12:48:00 -0400},
	Date-Modified = {2020-08-27 12:59:13 -0400},
	Journal = {Reviews of Geophysics},
	Number = {2},
	Publisher = {Wiley Online Library},
	Summer-To-Print = {1},
	Title = {Convectively coupled equatorial waves},
	Volume = {47},
	Year = {2009},
	Bdsk-File-1 = {YnBsaXN0MDDSAQIDBFxyZWxhdGl2ZVBhdGhZYWxpYXNEYXRhXxBeLi4vLi4vT25lRHJpdmUgLSBXaGl0ZSBQbGFpbnMgUHVibGljIFNjaG9vbHMvU2NpZW5jZSBSZXNlYXJjaC9Kb3VybmFsQXJ0aWNsZXMvMjAwOFJHMDAwMjY2LnBkZk8RAdwAAAAAAdwAAgAADE1hY2ludG9zaCBIRAAAAAAAAAAAAAAAAAAAAAAAAABCRAAB/////xAyMDA4UkcwMDAyNjYucGRmAAAAAAAAAAAAAAAAAAAAAAAAAAAAAAAAAAAAAAAAAAAAAAAAAAAAAAAAAAAAAAD/////AAAAAAAAAAAAAAAAAAIABAAACiBjdQAAAAAAAAAAAAAAAAAPSm91cm5hbEFydGljbGVzAAACAGsvOlVzZXJzOmJlbmdvbGRtYW46T25lRHJpdmUgLSBXaGl0ZSBQbGFpbnMgUHVibGljIFNjaG9vbHM6U2NpZW5jZSBSZXNlYXJjaDpKb3VybmFsQXJ0aWNsZXM6MjAwOFJHMDAwMjY2LnBkZgAADgAiABAAMgAwADAAOABSAEcAMAAwADAAMgA2ADYALgBwAGQAZgAPABoADABNAGEAYwBpAG4AdABvAHMAaAAgAEgARAASAGlVc2Vycy9iZW5nb2xkbWFuL09uZURyaXZlIC0gV2hpdGUgUGxhaW5zIFB1YmxpYyBTY2hvb2xzL1NjaWVuY2UgUmVzZWFyY2gvSm91cm5hbEFydGljbGVzLzIwMDhSRzAwMDI2Ni5wZGYAABMAAS8AABUAAgAR//8AAAAIAA0AGgAkAIUAAAAAAAACAQAAAAAAAAAFAAAAAAAAAAAAAAAAAAACZQ==}}

@article{lubbecke2014assessing,
	Author = {L{\"u}bbecke, Joke F and McPhaden, Michael J},
	Date-Added = {2020-06-23 12:31:42 -0400},
	Date-Modified = {2020-07-23 12:51:50 -0400},
	Journal = {Journal of Climate},
	Number = {7},
	Pages = {2577--2587},
	Read = {-},
	Title = {Assessing the twenty-first-century shift in ENSO variability in terms of the Bjerknes stability index},
	Volume = {27},
	Year = {2014},
	Bdsk-File-1 = {YnBsaXN0MDDSAQIDBFxyZWxhdGl2ZVBhdGhZYWxpYXNEYXRhXxBjLi4vLi4vT25lRHJpdmUgLSBXaGl0ZSBQbGFpbnMgUHVibGljIFNjaG9vbHMvU2NpZW5jZSBSZXNlYXJjaC9Kb3VybmFsQXJ0aWNsZXMvamNsaS1kLTEzLTAwNDM4LjEucGRmTxEB7gAAAAAB7gACAAAMTWFjaW50b3NoIEhEAAAAAAAAAAAAAAAAAAAAAAAAAEJEAAH/////FWpjbGktZC0xMy0wMDQzOC4xLnBkZgAAAAAAAAAAAAAAAAAAAAAAAAAAAAAAAAAAAAAAAAAAAAAAAAAAAAAAAP////8AAAAAAAAAAAAAAAAAAgAEAAAKIGN1AAAAAAAAAAAAAAAAAA9Kb3VybmFsQXJ0aWNsZXMAAAIAcC86VXNlcnM6YmVuZ29sZG1hbjpPbmVEcml2ZSAtIFdoaXRlIFBsYWlucyBQdWJsaWMgU2Nob29sczpTY2llbmNlIFJlc2VhcmNoOkpvdXJuYWxBcnRpY2xlczpqY2xpLWQtMTMtMDA0MzguMS5wZGYADgAsABUAagBjAGwAaQAtAGQALQAxADMALQAwADAANAAzADgALgAxAC4AcABkAGYADwAaAAwATQBhAGMAaQBuAHQAbwBzAGgAIABIAEQAEgBuVXNlcnMvYmVuZ29sZG1hbi9PbmVEcml2ZSAtIFdoaXRlIFBsYWlucyBQdWJsaWMgU2Nob29scy9TY2llbmNlIFJlc2VhcmNoL0pvdXJuYWxBcnRpY2xlcy9qY2xpLWQtMTMtMDA0MzguMS5wZGYAEwABLwAAFQACABH//wAAAAgADQAaACQAigAAAAAAAAIBAAAAAAAAAAUAAAAAAAAAAAAAAAAAAAJ8}}

@article{an2017feedback,
	Author = {An, Soon-Il and Heo, Eun Sook and Kim, Seon Tae},
	Date-Added = {2020-06-23 12:29:12 -0400},
	Date-Modified = {2020-08-27 13:10:22 -0400},
	Journal = {Geophysical Research Letters},
	Number = {9},
	Pages = {4272--4279},
	Publisher = {Wiley Online Library},
	Summer-To-Print = {1},
	Title = {Feedback process responsible for intermodel diversity of ENSO variability},
	Volume = {44},
	Year = {2017},
	Bdsk-File-1 = {YnBsaXN0MDDSAQIDBFxyZWxhdGl2ZVBhdGhZYWxpYXNEYXRhXxB8Li4vLi4vT25lRHJpdmUgLSBXaGl0ZSBQbGFpbnMgUHVibGljIFNjaG9vbHMvU2NpZW5jZSBSZXNlYXJjaC9Kb3VybmFsQXJ0aWNsZXMvQW5fZXRfYWwtMjAxNy1HZW9waHlzaWNhbF9SZXNlYXJjaF9MZXR0ZXJzLnBkZk8RAlQAAAAAAlQAAgAADE1hY2ludG9zaCBIRAAAAAAAAAAAAAAAAAAAAAAAAABCRAAB/////x9Bbl9ldF9hbC0yMDE3LUdlb3AjRkZGRkZGRkYucGRmAAAAAAAAAAAAAAAAAAAAAAAAAAAAAAAAAAAAAAAAAAD/////AAAAAAAAAAAAAAAAAAIABAAACiBjdQAAAAAAAAAAAAAAAAAPSm91cm5hbEFydGljbGVzAAACAIkvOlVzZXJzOmJlbmdvbGRtYW46T25lRHJpdmUgLSBXaGl0ZSBQbGFpbnMgUHVibGljIFNjaG9vbHM6U2NpZW5jZSBSZXNlYXJjaDpKb3VybmFsQXJ0aWNsZXM6QW5fZXRfYWwtMjAxNy1HZW9waHlzaWNhbF9SZXNlYXJjaF9MZXR0ZXJzLnBkZgAADgBeAC4AQQBuAF8AZQB0AF8AYQBsAC0AMgAwADEANwAtAEcAZQBvAHAAaAB5AHMAaQBjAGEAbABfAFIAZQBzAGUAYQByAGMAaABfAEwAZQB0AHQAZQByAHMALgBwAGQAZgAPABoADABNAGEAYwBpAG4AdABvAHMAaAAgAEgARAASAIdVc2Vycy9iZW5nb2xkbWFuL09uZURyaXZlIC0gV2hpdGUgUGxhaW5zIFB1YmxpYyBTY2hvb2xzL1NjaWVuY2UgUmVzZWFyY2gvSm91cm5hbEFydGljbGVzL0FuX2V0X2FsLTIwMTctR2VvcGh5c2ljYWxfUmVzZWFyY2hfTGV0dGVycy5wZGYAABMAAS8AABUAAgAR//8AAAAIAA0AGgAkAKMAAAAAAAACAQAAAAAAAAAFAAAAAAAAAAAAAAAAAAAC+w==}}

@article{stevenson2010enso,
	Author = {Stevenson, Samantha and Fox-Kemper, Baylor and Jochum, Markus and Rajagopalan, Balaji and Yeager, Stephen G},
	Date-Added = {2020-06-23 12:26:07 -0400},
	Date-Modified = {2020-06-23 12:26:07 -0400},
	Journal = {Journal of Climate},
	Number = {20},
	Pages = {5540--5547},
	Title = {ENSO model validation using wavelet probability analysis},
	Volume = {23},
	Year = {2010},
	Bdsk-File-1 = {YnBsaXN0MDDSAQIDBFxyZWxhdGl2ZVBhdGhZYWxpYXNEYXRhXxBgLi4vLi4vT25lRHJpdmUgLSBXaGl0ZSBQbGFpbnMgUHVibGljIFNjaG9vbHMvU2NpZW5jZSBSZXNlYXJjaC9Kb3VybmFsQXJ0aWNsZXMvMjAxMGpjbGkzNjA5LjEucGRmTxEB5AAAAAAB5AACAAAMTWFjaW50b3NoIEhEAAAAAAAAAAAAAAAAAAAAAAAAAEJEAAH/////EjIwMTBqY2xpMzYwOS4xLnBkZgAAAAAAAAAAAAAAAAAAAAAAAAAAAAAAAAAAAAAAAAAAAAAAAAAAAAAAAAAAAP////8AAAAAAAAAAAAAAAAAAgAEAAAKIGN1AAAAAAAAAAAAAAAAAA9Kb3VybmFsQXJ0aWNsZXMAAAIAbS86VXNlcnM6YmVuZ29sZG1hbjpPbmVEcml2ZSAtIFdoaXRlIFBsYWlucyBQdWJsaWMgU2Nob29sczpTY2llbmNlIFJlc2VhcmNoOkpvdXJuYWxBcnRpY2xlczoyMDEwamNsaTM2MDkuMS5wZGYAAA4AJgASADIAMAAxADAAagBjAGwAaQAzADYAMAA5AC4AMQAuAHAAZABmAA8AGgAMAE0AYQBjAGkAbgB0AG8AcwBoACAASABEABIAa1VzZXJzL2JlbmdvbGRtYW4vT25lRHJpdmUgLSBXaGl0ZSBQbGFpbnMgUHVibGljIFNjaG9vbHMvU2NpZW5jZSBSZXNlYXJjaC9Kb3VybmFsQXJ0aWNsZXMvMjAxMGpjbGkzNjA5LjEucGRmAAATAAEvAAAVAAIAEf//AAAACAANABoAJACHAAAAAAAAAgEAAAAAAAAABQAAAAAAAAAAAAAAAAAAAm8=}}

@article{fernandez2004analysis,
	Author = {Fern{\'a}ndez, Natalia Calvo and Herrera, Ricardo Garc{\'I}a and Puyol, David Gallego and Mart{\'I}n, Emiliano Hern{\'a}ndez and Garc{\'I}a, Rolando R and Presa, Luis Gimeno and Rodr{\'I}guez, Pedro Ribera},
	Date-Added = {2020-06-23 12:25:20 -0400},
	Date-Modified = {2020-06-23 12:25:20 -0400},
	Journal = {Journal of climate},
	Number = {20},
	Pages = {3934--3946},
	Title = {Analysis of the ENSO signal in tropospheric and stratospheric temperatures observed by MSU, 1979--2000},
	Volume = {17},
	Year = {2004},
	Bdsk-File-1 = {YnBsaXN0MDDSAQIDBFxyZWxhdGl2ZVBhdGhZYWxpYXNEYXRhXxB5Li4vLi4vT25lRHJpdmUgLSBXaGl0ZSBQbGFpbnMgUHVibGljIFNjaG9vbHMvU2NpZW5jZSBSZXNlYXJjaC9Kb3VybmFsQXJ0aWNsZXMvMTUyMC0wNDQyKDIwMDQpMDE3XzM5MzRfYW90ZXNpXzIuMC5jbzsyLnBkZk8RAkYAAAAAAkYAAgAADE1hY2ludG9zaCBIRAAAAAAAAAAAAAAAAAAAAAAAAABCRAAB/////x8xNTIwLTA0NDIoMjAwNCkwMTcjRkZGRkZGRkYucGRmAAAAAAAAAAAAAAAAAAAAAAAAAAAAAAAAAAAAAAAAAAD/////AAAAAAAAAAAAAAAAAAIABAAACiBjdQAAAAAAAAAAAAAAAAAPSm91cm5hbEFydGljbGVzAAACAIYvOlVzZXJzOmJlbmdvbGRtYW46T25lRHJpdmUgLSBXaGl0ZSBQbGFpbnMgUHVibGljIFNjaG9vbHM6U2NpZW5jZSBSZXNlYXJjaDpKb3VybmFsQXJ0aWNsZXM6MTUyMC0wNDQyKDIwMDQpMDE3XzM5MzRfYW90ZXNpXzIuMC5jbzsyLnBkZgAOAFgAKwAxADUAMgAwAC0AMAA0ADQAMgAoADIAMAAwADQAKQAwADEANwBfADMAOQAzADQAXwBhAG8AdABlAHMAaQBfADIALgAwAC4AYwBvADsAMgAuAHAAZABmAA8AGgAMAE0AYQBjAGkAbgB0AG8AcwBoACAASABEABIAhFVzZXJzL2JlbmdvbGRtYW4vT25lRHJpdmUgLSBXaGl0ZSBQbGFpbnMgUHVibGljIFNjaG9vbHMvU2NpZW5jZSBSZXNlYXJjaC9Kb3VybmFsQXJ0aWNsZXMvMTUyMC0wNDQyKDIwMDQpMDE3XzM5MzRfYW90ZXNpXzIuMC5jbzsyLnBkZgATAAEvAAAVAAIAEf//AAAACAANABoAJACgAAAAAAAAAgEAAAAAAAAABQAAAAAAAAAAAAAAAAAAAuo=}}

@article{kestin1998time,
	Author = {Kestin, Tahl S and Karoly, David J and Yano, Jun-Ichi and Rayner, Nicola A},
	Date-Added = {2020-06-23 12:23:58 -0400},
	Date-Modified = {2020-06-23 12:23:58 -0400},
	Journal = {Journal of Climate},
	Number = {9},
	Pages = {2258--2272},
	Title = {Time--frequency variability of ENSO and stochastic simulations},
	Volume = {11},
	Year = {1998},
	Bdsk-File-1 = {YnBsaXN0MDDSAQIDBFxyZWxhdGl2ZVBhdGhZYWxpYXNEYXRhXxB5Li4vLi4vT25lRHJpdmUgLSBXaGl0ZSBQbGFpbnMgUHVibGljIFNjaG9vbHMvU2NpZW5jZSBSZXNlYXJjaC9Kb3VybmFsQXJ0aWNsZXMvMTUyMC0wNDQyKDE5OTgpMDExXzIyNThfdGZ2b2VhXzIuMC5jbzsyLnBkZk8RAkYAAAAAAkYAAgAADE1hY2ludG9zaCBIRAAAAAAAAAAAAAAAAAAAAAAAAABCRAAB/////x8xNTIwLTA0NDIoMTk5OCkwMTEjRkZGRkZGRkYucGRmAAAAAAAAAAAAAAAAAAAAAAAAAAAAAAAAAAAAAAAAAAD/////AAAAAAAAAAAAAAAAAAIABAAACiBjdQAAAAAAAAAAAAAAAAAPSm91cm5hbEFydGljbGVzAAACAIYvOlVzZXJzOmJlbmdvbGRtYW46T25lRHJpdmUgLSBXaGl0ZSBQbGFpbnMgUHVibGljIFNjaG9vbHM6U2NpZW5jZSBSZXNlYXJjaDpKb3VybmFsQXJ0aWNsZXM6MTUyMC0wNDQyKDE5OTgpMDExXzIyNThfdGZ2b2VhXzIuMC5jbzsyLnBkZgAOAFgAKwAxADUAMgAwAC0AMAA0ADQAMgAoADEAOQA5ADgAKQAwADEAMQBfADIAMgA1ADgAXwB0AGYAdgBvAGUAYQBfADIALgAwAC4AYwBvADsAMgAuAHAAZABmAA8AGgAMAE0AYQBjAGkAbgB0AG8AcwBoACAASABEABIAhFVzZXJzL2JlbmdvbGRtYW4vT25lRHJpdmUgLSBXaGl0ZSBQbGFpbnMgUHVibGljIFNjaG9vbHMvU2NpZW5jZSBSZXNlYXJjaC9Kb3VybmFsQXJ0aWNsZXMvMTUyMC0wNDQyKDE5OTgpMDExXzIyNThfdGZ2b2VhXzIuMC5jbzsyLnBkZgATAAEvAAAVAAIAEf//AAAACAANABoAJACgAAAAAAAAAgEAAAAAAAAABQAAAAAAAAAAAAAAAAAAAuo=}}

@article{zhang2019review,
	Author = {Zhang, Rong and Sutton, Rowan and Danabasoglu, Gokhan and Kwon, Young-Oh and Marsh, Robert and Yeager, Stephen G and Amrhein, Daniel E and Little, Christopher M},
	Date-Added = {2020-06-23 12:11:32 -0400},
	Date-Modified = {2020-06-23 12:35:43 -0400},
	Journal = {Reviews of Geophysics},
	Number = {2},
	Pages = {316--375},
	Publisher = {Wiley Online Library},
	Summer-To-Print = {-},
	Title = {A review of the role of the Atlantic meridional overturning circulation in Atlantic multidecadal variability and associated climate impacts},
	Volume = {57},
	Year = {2019},
	Bdsk-File-1 = {YnBsaXN0MDDSAQIDBFxyZWxhdGl2ZVBhdGhZYWxpYXNEYXRhXxBhLi4vLi4vT25lRHJpdmUgLSBXaGl0ZSBQbGFpbnMgUHVibGljIFNjaG9vbHMvU2NpZW5jZSBSZXNlYXJjaC9Kb3VybmFsQXJ0aWNsZXMvWmhhbmcyMDE5ZXRhbFJHLnBkZk8RAeYAAAAAAeYAAgAADE1hY2ludG9zaCBIRAAAAAAAAAAAAAAAAAAAAAAAAABCRAAB/////xNaaGFuZzIwMTlldGFsUkcucGRmAAAAAAAAAAAAAAAAAAAAAAAAAAAAAAAAAAAAAAAAAAAAAAAAAAAAAAAAAAD/////AAAAAAAAAAAAAAAAAAIABAAACiBjdQAAAAAAAAAAAAAAAAAPSm91cm5hbEFydGljbGVzAAACAG4vOlVzZXJzOmJlbmdvbGRtYW46T25lRHJpdmUgLSBXaGl0ZSBQbGFpbnMgUHVibGljIFNjaG9vbHM6U2NpZW5jZSBSZXNlYXJjaDpKb3VybmFsQXJ0aWNsZXM6WmhhbmcyMDE5ZXRhbFJHLnBkZgAOACgAEwBaAGgAYQBuAGcAMgAwADEAOQBlAHQAYQBsAFIARwAuAHAAZABmAA8AGgAMAE0AYQBjAGkAbgB0AG8AcwBoACAASABEABIAbFVzZXJzL2JlbmdvbGRtYW4vT25lRHJpdmUgLSBXaGl0ZSBQbGFpbnMgUHVibGljIFNjaG9vbHMvU2NpZW5jZSBSZXNlYXJjaC9Kb3VybmFsQXJ0aWNsZXMvWmhhbmcyMDE5ZXRhbFJHLnBkZgATAAEvAAAVAAIAEf//AAAACAANABoAJACIAAAAAAAAAgEAAAAAAAAABQAAAAAAAAAAAAAAAAAAAnI=}}

@article{hu2018cross,
	Author = {Hu, Shineng and Fedorov, Alexey V},
	Date-Added = {2020-06-23 12:10:29 -0400},
	Date-Modified = {2020-08-27 13:10:12 -0400},
	Journal = {Nature Climate Change},
	Number = {9},
	Pages = {798--802},
	Publisher = {Nature Publishing Group},
	Read = {1},
	Summer-To-Print = {1},
	Title = {Cross-equatorial winds control El Ni{\~n}o diversity and change},
	Volume = {8},
	Year = {2018},
	Bdsk-File-1 = {YnBsaXN0MDDSAQIDBFxyZWxhdGl2ZVBhdGhZYWxpYXNEYXRhXxBiLi4vLi4vT25lRHJpdmUgLSBXaGl0ZSBQbGFpbnMgUHVibGljIFNjaG9vbHMvU2NpZW5jZSBSZXNlYXJjaC9Kb3VybmFsQXJ0aWNsZXMvSHUyMDE4RmVkb3Jvdk5DQy5wZGZPEQHsAAAAAAHsAAIAAAxNYWNpbnRvc2ggSEQAAAAAAAAAAAAAAAAAAAAAAAAAQkQAAf////8USHUyMDE4RmVkb3Jvdk5DQy5wZGYAAAAAAAAAAAAAAAAAAAAAAAAAAAAAAAAAAAAAAAAAAAAAAAAAAAAAAAAA/////wAAAAAAAAAAAAAAAAACAAQAAAogY3UAAAAAAAAAAAAAAAAAD0pvdXJuYWxBcnRpY2xlcwAAAgBvLzpVc2VyczpiZW5nb2xkbWFuOk9uZURyaXZlIC0gV2hpdGUgUGxhaW5zIFB1YmxpYyBTY2hvb2xzOlNjaWVuY2UgUmVzZWFyY2g6Sm91cm5hbEFydGljbGVzOkh1MjAxOEZlZG9yb3ZOQ0MucGRmAAAOACoAFABIAHUAMgAwADEAOABGAGUAZABvAHIAbwB2AE4AQwBDAC4AcABkAGYADwAaAAwATQBhAGMAaQBuAHQAbwBzAGgAIABIAEQAEgBtVXNlcnMvYmVuZ29sZG1hbi9PbmVEcml2ZSAtIFdoaXRlIFBsYWlucyBQdWJsaWMgU2Nob29scy9TY2llbmNlIFJlc2VhcmNoL0pvdXJuYWxBcnRpY2xlcy9IdTIwMThGZWRvcm92TkNDLnBkZgAAEwABLwAAFQACABH//wAAAAgADQAaACQAiQAAAAAAAAIBAAAAAAAAAAUAAAAAAAAAAAAAAAAAAAJ5},
	Bdsk-File-2 = {YnBsaXN0MDDSAQIDBFxyZWxhdGl2ZVBhdGhZYWxpYXNEYXRhXxBrLi4vLi4vT25lRHJpdmUgLSBXaGl0ZSBQbGFpbnMgUHVibGljIFNjaG9vbHMvU2NpZW5jZSBSZXNlYXJjaC9Kb3VybmFsQXJ0aWNsZXMvNDE1NThfMjAxOF8yNDhfTU9FU00xX0VTTS5wZGZPEQIOAAAAAAIOAAIAAAxNYWNpbnRvc2ggSEQAAAAAAAAAAAAAAAAAAAAAAAAAQkQAAf////8dNDE1NThfMjAxOF8yNDhfTU9FU00xX0VTTS5wZGYAAAAAAAAAAAAAAAAAAAAAAAAAAAAAAAAAAAAAAAAAAAAA/////wAAAAAAAAAAAAAAAAACAAQAAAogY3UAAAAAAAAAAAAAAAAAD0pvdXJuYWxBcnRpY2xlcwAAAgB4LzpVc2VyczpiZW5nb2xkbWFuOk9uZURyaXZlIC0gV2hpdGUgUGxhaW5zIFB1YmxpYyBTY2hvb2xzOlNjaWVuY2UgUmVzZWFyY2g6Sm91cm5hbEFydGljbGVzOjQxNTU4XzIwMThfMjQ4X01PRVNNMV9FU00ucGRmAA4APAAdADQAMQA1ADUAOABfADIAMAAxADgAXwAyADQAOABfAE0ATwBFAFMATQAxAF8ARQBTAE0ALgBwAGQAZgAPABoADABNAGEAYwBpAG4AdABvAHMAaAAgAEgARAASAHZVc2Vycy9iZW5nb2xkbWFuL09uZURyaXZlIC0gV2hpdGUgUGxhaW5zIFB1YmxpYyBTY2hvb2xzL1NjaWVuY2UgUmVzZWFyY2gvSm91cm5hbEFydGljbGVzLzQxNTU4XzIwMThfMjQ4X01PRVNNMV9FU00ucGRmABMAAS8AABUAAgAR//8AAAAIAA0AGgAkAJIAAAAAAAACAQAAAAAAAAAFAAAAAAAAAAAAAAAAAAACpA==}}

@article{dawson2016eofs,
	Author = {Dawson, Andrew},
	Date-Added = {2020-05-19 19:07:28 -0400},
	Date-Modified = {2020-06-23 12:16:09 -0400},
	Journal = {Journal of Open Research Software},
	Number = {1},
	Publisher = {Ubiquity Press},
	Read = {1},
	Title = {eofs: A library for eof analysis of meteorological, oceanographic, and climate data},
	Volume = {4},
	Year = {2016}}

@article{deser2020isolating,
	Author = {Deser, Clara and Philips, Adam S. and Simpson Isla R. and Rosenbloom, Nan and Coleman, Dani and Lehner, Flavio and Pendergrass, Angeline},
	Date-Added = {2020-04-23 12:57:32 -0400},
	Date-Modified = {2020-04-23 13:03:10 -0400},
	Journal = {Journal of Climate},
	Month = {February},
	Number = {??},
	Pages = {??--??},
	Title = {Isolating the Evolving Contributions of Anthropogenic Aerosols and Greenhouse Gases: A New CESM1 Large Ensemble Community Resource},
	Volume = {??},
	Year = {2020},
	Bdsk-File-1 = {YnBsaXN0MDDSAQIDBFxyZWxhdGl2ZVBhdGhZYWxpYXNEYXRhXxBfLi4vLi4vT25lRHJpdmUgLSBXaGl0ZSBQbGFpbnMgUHVibGljIFNjaG9vbHMvU2NpZW5jZSBSZXNlYXJjaC9Kb3VybmFsQXJ0aWNsZXMvRGVzZXIyMDIwZXRhbC5wZGZPEQHeAAAAAAHeAAIAAAxNYWNpbnRvc2ggSEQAAAAAAAAAAAAAAAAAAAAAAAAAQkQAAf////8RRGVzZXIyMDIwZXRhbC5wZGYAAAAAAAAAAAAAAAAAAAAAAAAAAAAAAAAAAAAAAAAAAAAAAAAAAAAAAAAAAAAA/////wAAAAAAAAAAAAAAAAACAAQAAAogY3UAAAAAAAAAAAAAAAAAD0pvdXJuYWxBcnRpY2xlcwAAAgBsLzpVc2VyczpiZW5nb2xkbWFuOk9uZURyaXZlIC0gV2hpdGUgUGxhaW5zIFB1YmxpYyBTY2hvb2xzOlNjaWVuY2UgUmVzZWFyY2g6Sm91cm5hbEFydGljbGVzOkRlc2VyMjAyMGV0YWwucGRmAA4AJAARAEQAZQBzAGUAcgAyADAAMgAwAGUAdABhAGwALgBwAGQAZgAPABoADABNAGEAYwBpAG4AdABvAHMAaAAgAEgARAASAGpVc2Vycy9iZW5nb2xkbWFuL09uZURyaXZlIC0gV2hpdGUgUGxhaW5zIFB1YmxpYyBTY2hvb2xzL1NjaWVuY2UgUmVzZWFyY2gvSm91cm5hbEFydGljbGVzL0Rlc2VyMjAyMGV0YWwucGRmABMAAS8AABUAAgAR//8AAAAIAA0AGgAkAIYAAAAAAAACAQAAAAAAAAAFAAAAAAAAAAAAAAAAAAACaA==}}

@article{son2010impact,
	Author = {Son, S-W and Gerber, EP and Perlwitz, J and Polvani, Lorenzo M and Gillett, NP and Seo, K-H and Eyring, Veronika and Shepherd, TG and Waugh, D and Akiyoshi, H and others},
	Date-Added = {2020-04-20 13:34:19 -0400},
	Date-Modified = {2020-04-20 13:34:19 -0400},
	Journal = {Journal of Geophysical Research: Atmospheres},
	Number = {D3},
	Publisher = {Wiley Online Library},
	Title = {Impact of stratospheric ozone on Southern Hemisphere circulation change: A multimodel assessment},
	Volume = {115},
	Year = {2010},
	Bdsk-File-1 = {YnBsaXN0MDDSAQIDBFxyZWxhdGl2ZVBhdGhZYWxpYXNEYXRhXxCALi4vLi4vT25lRHJpdmUgLSBXaGl0ZSBQbGFpbnMgUHVibGljIFNjaG9vbHMvU2NpZW5jZSBSZXNlYXJjaC9Kb3VybmFsQXJ0aWNsZXMvMjAxMEpEMDE0MjcxQDEwLjEwMDJfKElTU04pMjE2OS04OTk2LkNIRU1DTElNMS5wZGZPEQJkAAAAAAJkAAIAAAxNYWNpbnRvc2ggSEQAAAAAAAAAAAAAAAAAAAAAAAAAQkQAAf////8fMjAxMEpEMDE0MjcxQDEwLjEwI0ZGRkZGRkZGLnBkZgAAAAAAAAAAAAAAAAAAAAAAAAAAAAAAAAAAAAAAAAAA/////wAAAAAAAAAAAAAAAAACAAQAAAogY3UAAAAAAAAAAAAAAAAAD0pvdXJuYWxBcnRpY2xlcwAAAgCNLzpVc2VyczpiZW5nb2xkbWFuOk9uZURyaXZlIC0gV2hpdGUgUGxhaW5zIFB1YmxpYyBTY2hvb2xzOlNjaWVuY2UgUmVzZWFyY2g6Sm91cm5hbEFydGljbGVzOjIwMTBKRDAxNDI3MUAxMC4xMDAyXyhJU1NOKTIxNjktODk5Ni5DSEVNQ0xJTTEucGRmAAAOAGYAMgAyADAAMQAwAEoARAAwADEANAAyADcAMQBAADEAMAAuADEAMAAwADIAXwAoAEkAUwBTAE4AKQAyADEANgA5AC0AOAA5ADkANgAuAEMASABFAE0AQwBMAEkATQAxAC4AcABkAGYADwAaAAwATQBhAGMAaQBuAHQAbwBzAGgAIABIAEQAEgCLVXNlcnMvYmVuZ29sZG1hbi9PbmVEcml2ZSAtIFdoaXRlIFBsYWlucyBQdWJsaWMgU2Nob29scy9TY2llbmNlIFJlc2VhcmNoL0pvdXJuYWxBcnRpY2xlcy8yMDEwSkQwMTQyNzFAMTAuMTAwMl8oSVNTTikyMTY5LTg5OTYuQ0hFTUNMSU0xLnBkZgAAEwABLwAAFQACABH//wAAAAgADQAaACQApwAAAAAAAAIBAAAAAAAAAAUAAAAAAAAAAAAAAAAAAAMP}}

@article{stevenson2012significant,
	Author = {Stevenson, SL},
	Date-Added = {2020-04-20 13:17:06 -0400},
	Date-Modified = {2020-08-20 12:33:01 -0400},
	Journal = {Geophysical Research Letters},
	Number = {17},
	Publisher = {Wiley Online Library},
	Read = {-},
	Summer-To-Print = {-},
	Title = {Significant changes to ENSO strength and impacts in the twenty-first century: Results from CMIP5},
	Volume = {39},
	Year = {2012},
	Bdsk-File-1 = {YnBsaXN0MDDSAQIDBFxyZWxhdGl2ZVBhdGhZYWxpYXNEYXRhXxBeLi4vLi4vT25lRHJpdmUgLSBXaGl0ZSBQbGFpbnMgUHVibGljIFNjaG9vbHMvU2NpZW5jZSBSZXNlYXJjaC9Kb3VybmFsQXJ0aWNsZXMvMjAxMkdMMDUyNzU5LnBkZk8RAdwAAAAAAdwAAgAADE1hY2ludG9zaCBIRAAAAAAAAAAAAAAAAAAAAAAAAABCRAAB/////xAyMDEyR0wwNTI3NTkucGRmAAAAAAAAAAAAAAAAAAAAAAAAAAAAAAAAAAAAAAAAAAAAAAAAAAAAAAAAAAAAAAD/////AAAAAAAAAAAAAAAAAAIABAAACiBjdQAAAAAAAAAAAAAAAAAPSm91cm5hbEFydGljbGVzAAACAGsvOlVzZXJzOmJlbmdvbGRtYW46T25lRHJpdmUgLSBXaGl0ZSBQbGFpbnMgUHVibGljIFNjaG9vbHM6U2NpZW5jZSBSZXNlYXJjaDpKb3VybmFsQXJ0aWNsZXM6MjAxMkdMMDUyNzU5LnBkZgAADgAiABAAMgAwADEAMgBHAEwAMAA1ADIANwA1ADkALgBwAGQAZgAPABoADABNAGEAYwBpAG4AdABvAHMAaAAgAEgARAASAGlVc2Vycy9iZW5nb2xkbWFuL09uZURyaXZlIC0gV2hpdGUgUGxhaW5zIFB1YmxpYyBTY2hvb2xzL1NjaWVuY2UgUmVzZWFyY2gvSm91cm5hbEFydGljbGVzLzIwMTJHTDA1Mjc1OS5wZGYAABMAAS8AABUAAgAR//8AAAAIAA0AGgAkAIUAAAAAAAACAQAAAAAAAAAFAAAAAAAAAAAAAAAAAAACZQ==}}

@article{vega2017analysis,
	Author = {Vega-Westhoff, Benjamin and Sriver, Ryan L},
	Date-Added = {2020-04-20 12:53:59 -0400},
	Date-Modified = {2020-08-21 13:48:50 -0400},
	Journal = {Scientific reports},
	Number = {1},
	Pages = {1--10},
	Publisher = {Nature Publishing Group},
	Read = {1},
	Summer-To-Print = {-},
	Title = {Analysis of ENSO's response to unforced variability and anthropogenic forcing using CESM},
	Volume = {7},
	Year = {2017},
	Bdsk-File-1 = {YnBsaXN0MDDSAQIDBFxyZWxhdGl2ZVBhdGhZYWxpYXNEYXRhXxBkLi4vLi4vT25lRHJpdmUgLSBXaGl0ZSBQbGFpbnMgUHVibGljIFNjaG9vbHMvU2NpZW5jZSBSZXNlYXJjaC9Kb3VybmFsQXJ0aWNsZXMvczQxNTk4LTAxNy0xODQ1OS04LnBkZk8RAfQAAAAAAfQAAgAADE1hY2ludG9zaCBIRAAAAAAAAAAAAAAAAAAAAAAAAABCRAAB/////xZzNDE1OTgtMDE3LTE4NDU5LTgucGRmAAAAAAAAAAAAAAAAAAAAAAAAAAAAAAAAAAAAAAAAAAAAAAAAAAAAAAD/////AAAAAAAAAAAAAAAAAAIABAAACiBjdQAAAAAAAAAAAAAAAAAPSm91cm5hbEFydGljbGVzAAACAHEvOlVzZXJzOmJlbmdvbGRtYW46T25lRHJpdmUgLSBXaGl0ZSBQbGFpbnMgUHVibGljIFNjaG9vbHM6U2NpZW5jZSBSZXNlYXJjaDpKb3VybmFsQXJ0aWNsZXM6czQxNTk4LTAxNy0xODQ1OS04LnBkZgAADgAuABYAcwA0ADEANQA5ADgALQAwADEANwAtADEAOAA0ADUAOQAtADgALgBwAGQAZgAPABoADABNAGEAYwBpAG4AdABvAHMAaAAgAEgARAASAG9Vc2Vycy9iZW5nb2xkbWFuL09uZURyaXZlIC0gV2hpdGUgUGxhaW5zIFB1YmxpYyBTY2hvb2xzL1NjaWVuY2UgUmVzZWFyY2gvSm91cm5hbEFydGljbGVzL3M0MTU5OC0wMTctMTg0NTktOC5wZGYAABMAAS8AABUAAgAR//8AAAAIAA0AGgAkAIsAAAAAAAACAQAAAAAAAAAFAAAAAAAAAAAAAAAAAAACgw==},
	Bdsk-File-2 = {YnBsaXN0MDDSAQIDBFxyZWxhdGl2ZVBhdGhZYWxpYXNEYXRhXxBtLi4vLi4vT25lRHJpdmUgLSBXaGl0ZSBQbGFpbnMgUHVibGljIFNjaG9vbHMvU2NpZW5jZSBSZXNlYXJjaC9Kb3VybmFsQXJ0aWNsZXMvNDE1OThfMjAxN18xODQ1OV9NT0VTTTFfRVNNLnBkZk8RAhYAAAAAAhYAAgAADE1hY2ludG9zaCBIRAAAAAAAAAAAAAAAAAAAAAAAAABCRAAB/////x80MTU5OF8yMDE3XzE4NDU5X01PRVNNMV9FU00ucGRmAAAAAAAAAAAAAAAAAAAAAAAAAAAAAAAAAAAAAAAAAAD/////AAAAAAAAAAAAAAAAAAIABAAACiBjdQAAAAAAAAAAAAAAAAAPSm91cm5hbEFydGljbGVzAAACAHovOlVzZXJzOmJlbmdvbGRtYW46T25lRHJpdmUgLSBXaGl0ZSBQbGFpbnMgUHVibGljIFNjaG9vbHM6U2NpZW5jZSBSZXNlYXJjaDpKb3VybmFsQXJ0aWNsZXM6NDE1OThfMjAxN18xODQ1OV9NT0VTTTFfRVNNLnBkZgAOAEAAHwA0ADEANQA5ADgAXwAyADAAMQA3AF8AMQA4ADQANQA5AF8ATQBPAEUAUwBNADEAXwBFAFMATQAuAHAAZABmAA8AGgAMAE0AYQBjAGkAbgB0AG8AcwBoACAASABEABIAeFVzZXJzL2JlbmdvbGRtYW4vT25lRHJpdmUgLSBXaGl0ZSBQbGFpbnMgUHVibGljIFNjaG9vbHMvU2NpZW5jZSBSZXNlYXJjaC9Kb3VybmFsQXJ0aWNsZXMvNDE1OThfMjAxN18xODQ1OV9NT0VTTTFfRVNNLnBkZgATAAEvAAAVAAIAEf//AAAACAANABoAJACUAAAAAAAAAgEAAAAAAAAABQAAAAAAAAAAAAAAAAAAAq4=}}

@article{zheng2018response,
	Author = {Zheng, Xiao-Tong and Hui, Chang and Yeh, Sang-Wook},
	Date-Added = {2020-04-20 12:50:33 -0400},
	Date-Modified = {2020-06-23 12:19:57 -0400},
	Journal = {Climate Dynamics},
	Number = {11-12},
	Pages = {4019--4035},
	Publisher = {Springer},
	Read = {1},
	Title = {Response of ENSO amplitude to global warming in CESM large ensemble: uncertainty due to internal variability},
	Volume = {50},
	Year = {2018},
	Bdsk-File-1 = {YnBsaXN0MDDSAQIDBFxyZWxhdGl2ZVBhdGhZYWxpYXNEYXRhXxBsLi4vLi4vT25lRHJpdmUgLSBXaGl0ZSBQbGFpbnMgUHVibGljIFNjaG9vbHMvU2NpZW5jZSBSZXNlYXJjaC9Kb3VybmFsQXJ0aWNsZXMvMTAuMTAwNzJGczAwMzgyLTAxNy0zODU5LTcucGRmTxECFAAAAAACFAACAAAMTWFjaW50b3NoIEhEAAAAAAAAAAAAAAAAAAAAAAAAAEJEAAH/////HjEwLjEwMDcyRnMwMDM4Mi0wMTctMzg1OS03LnBkZgAAAAAAAAAAAAAAAAAAAAAAAAAAAAAAAAAAAAAAAAAAAP////8AAAAAAAAAAAAAAAAAAgAEAAAKIGN1AAAAAAAAAAAAAAAAAA9Kb3VybmFsQXJ0aWNsZXMAAAIAeS86VXNlcnM6YmVuZ29sZG1hbjpPbmVEcml2ZSAtIFdoaXRlIFBsYWlucyBQdWJsaWMgU2Nob29sczpTY2llbmNlIFJlc2VhcmNoOkpvdXJuYWxBcnRpY2xlczoxMC4xMDA3MkZzMDAzODItMDE3LTM4NTktNy5wZGYAAA4APgAeADEAMAAuADEAMAAwADcAMgBGAHMAMAAwADMAOAAyAC0AMAAxADcALQAzADgANQA5AC0ANwAuAHAAZABmAA8AGgAMAE0AYQBjAGkAbgB0AG8AcwBoACAASABEABIAd1VzZXJzL2JlbmdvbGRtYW4vT25lRHJpdmUgLSBXaGl0ZSBQbGFpbnMgUHVibGljIFNjaG9vbHMvU2NpZW5jZSBSZXNlYXJjaC9Kb3VybmFsQXJ0aWNsZXMvMTAuMTAwNzJGczAwMzgyLTAxNy0zODU5LTcucGRmAAATAAEvAAAVAAIAEf//AAAACAANABoAJACTAAAAAAAAAgEAAAAAAAAABQAAAAAAAAAAAAAAAAAAAqs=}}

@article{vecchi2006weakening,
	Author = {Vecchi, Gabriel A and Soden, Brian J and Wittenberg, Andrew T and Held, Isaac M and Leetmaa, Ants and Harrison, Matthew J},
	Date-Added = {2020-04-20 12:47:59 -0400},
	Date-Modified = {2020-06-23 12:37:30 -0400},
	Journal = {Nature},
	Number = {7089},
	Pages = {73--76},
	Publisher = {Nature Publishing Group},
	Read = {0},
	Summer-To-Print = {-},
	Title = {Weakening of tropical Pacific atmospheric circulation due to anthropogenic forcing},
	Volume = {441},
	Year = {2006},
	Bdsk-File-1 = {YnBsaXN0MDDSAQIDBFxyZWxhdGl2ZVBhdGhZYWxpYXNEYXRhXxBwLi4vLi4vT25lRHJpdmUgLSBXaGl0ZSBQbGFpbnMgUHVibGljIFNjaG9vbHMvU2NpZW5jZSBSZXNlYXJjaC9Kb3VybmFsQXJ0aWNsZXMvVmVjY2hpIHdlYWtlciB0cmFkZSB3aW5kcyAyMDA2LnBkZk8RAiQAAAAAAiQAAgAADE1hY2ludG9zaCBIRAAAAAAAAAAAAAAAAAAAAAAAAABCRAAB/////x9WZWNjaGkgd2Vha2VyIHRyYWQjRkZGRkZGRkYucGRmAAAAAAAAAAAAAAAAAAAAAAAAAAAAAAAAAAAAAAAAAAD/////AAAAAAAAAAAAAAAAAAIABAAACiBjdQAAAAAAAAAAAAAAAAAPSm91cm5hbEFydGljbGVzAAACAH0vOlVzZXJzOmJlbmdvbGRtYW46T25lRHJpdmUgLSBXaGl0ZSBQbGFpbnMgUHVibGljIFNjaG9vbHM6U2NpZW5jZSBSZXNlYXJjaDpKb3VybmFsQXJ0aWNsZXM6VmVjY2hpIHdlYWtlciB0cmFkZSB3aW5kcyAyMDA2LnBkZgAADgBGACIAVgBlAGMAYwBoAGkAIAB3AGUAYQBrAGUAcgAgAHQAcgBhAGQAZQAgAHcAaQBuAGQAcwAgADIAMAAwADYALgBwAGQAZgAPABoADABNAGEAYwBpAG4AdABvAHMAaAAgAEgARAASAHtVc2Vycy9iZW5nb2xkbWFuL09uZURyaXZlIC0gV2hpdGUgUGxhaW5zIFB1YmxpYyBTY2hvb2xzL1NjaWVuY2UgUmVzZWFyY2gvSm91cm5hbEFydGljbGVzL1ZlY2NoaSB3ZWFrZXIgdHJhZGUgd2luZHMgMjAwNi5wZGYAABMAAS8AABUAAgAR//8AAAAIAA0AGgAkAJcAAAAAAAACAQAAAAAAAAAFAAAAAAAAAAAAAAAAAAACvw==}}

@article{kim2014response,
	Author = {Kim, Seon Tae and Cai, Wenju and Jin, Fei-Fei and Santoso, Agus and Wu, Lixin and Guilyardi, Eric and An, Soon-Il},
	Date-Added = {2020-04-20 12:46:11 -0400},
	Date-Modified = {2020-08-27 13:05:13 -0400},
	Journal = {Nature Climate Change},
	Number = {9},
	Pages = {786--790},
	Publisher = {Nature Publishing Group},
	Read = {-},
	Summer-To-Print = {1},
	Title = {Response of El Ni{\~n}o sea surface temperature variability to greenhouse warming},
	Volume = {4},
	Year = {2014},
	Bdsk-File-1 = {YnBsaXN0MDDSAQIDBFxyZWxhdGl2ZVBhdGhZYWxpYXNEYXRhXxBuLi4vLi4vT25lRHJpdmUgLSBXaGl0ZSBQbGFpbnMgUHVibGljIFNjaG9vbHMvU2NpZW5jZSBSZXNlYXJjaC9Kb3VybmFsQXJ0aWNsZXMvMjAxNDA5MDQwNTMzMTRfbmNsaW1hdGUyMzI2MS5wZGZPEQIcAAAAAAIcAAIAAAxNYWNpbnRvc2ggSEQAAAAAAAAAAAAAAAAAAAAAAAAAQkQAAf////8fMjAxNDA5MDQwNTMzMTRfbmNsI0ZGRkZGRkZGLnBkZgAAAAAAAAAAAAAAAAAAAAAAAAAAAAAAAAAAAAAAAAAA/////wAAAAAAAAAAAAAAAAACAAQAAAogY3UAAAAAAAAAAAAAAAAAD0pvdXJuYWxBcnRpY2xlcwAAAgB7LzpVc2VyczpiZW5nb2xkbWFuOk9uZURyaXZlIC0gV2hpdGUgUGxhaW5zIFB1YmxpYyBTY2hvb2xzOlNjaWVuY2UgUmVzZWFyY2g6Sm91cm5hbEFydGljbGVzOjIwMTQwOTA0MDUzMzE0X25jbGltYXRlMjMyNjEucGRmAAAOAEIAIAAyADAAMQA0ADAAOQAwADQAMAA1ADMAMwAxADQAXwBuAGMAbABpAG0AYQB0AGUAMgAzADIANgAxAC4AcABkAGYADwAaAAwATQBhAGMAaQBuAHQAbwBzAGgAIABIAEQAEgB5VXNlcnMvYmVuZ29sZG1hbi9PbmVEcml2ZSAtIFdoaXRlIFBsYWlucyBQdWJsaWMgU2Nob29scy9TY2llbmNlIFJlc2VhcmNoL0pvdXJuYWxBcnRpY2xlcy8yMDE0MDkwNDA1MzMxNF9uY2xpbWF0ZTIzMjYxLnBkZgAAEwABLwAAFQACABH//wAAAAgADQAaACQAlQAAAAAAAAIBAAAAAAAAAAUAAAAAAAAAAAAAAAAAAAK1}}

@article{graham2014effectiveness,
	Author = {Graham, Felicity S. and Brown, Jaclyn N. and Langlais, Clothilde and Marsland, Simon J. and Wittenberg, Andrew T. and Holbrook, Neil J.},
	Date-Added = {2020-04-17 12:05:56 -0400},
	Date-Modified = {2020-08-27 12:33:26 -0400},
	Doi = {10.1007/s00382-014-2062-3},
	Issn = {1432-0894},
	Journal = {Climate Dynamics},
	Month = {Feb},
	Number = {9-10},
	Pages = {2399--2414},
	Publisher = {Springer Science and Business Media LLC},
	Read = {1},
	Summer-To-Print = {-},
	Title = {Effectiveness of the Bjerknes stability index in representing ocean dynamics},
	Url = {http://dx.doi.org/10.1007/s00382-014-2062-3},
	Volume = {43},
	Year = {2014},
	Bdsk-File-1 = {YnBsaXN0MDDSAQIDBFxyZWxhdGl2ZVBhdGhZYWxpYXNEYXRhXxBkLi4vLi4vT25lRHJpdmUgLSBXaGl0ZSBQbGFpbnMgUHVibGljIFNjaG9vbHMvU2NpZW5jZSBSZXNlYXJjaC9Kb3VybmFsQXJ0aWNsZXMvZ3JhaGFtX2V0YWxfY2QyMDE0LnBkZk8RAfQAAAAAAfQAAgAADE1hY2ludG9zaCBIRAAAAAAAAAAAAAAAAAAAAAAAAABCRAAB/////xZncmFoYW1fZXRhbF9jZDIwMTQucGRmAAAAAAAAAAAAAAAAAAAAAAAAAAAAAAAAAAAAAAAAAAAAAAAAAAAAAAD/////AAAAAAAAAAAAAAAAAAIABAAACiBjdQAAAAAAAAAAAAAAAAAPSm91cm5hbEFydGljbGVzAAACAHEvOlVzZXJzOmJlbmdvbGRtYW46T25lRHJpdmUgLSBXaGl0ZSBQbGFpbnMgUHVibGljIFNjaG9vbHM6U2NpZW5jZSBSZXNlYXJjaDpKb3VybmFsQXJ0aWNsZXM6Z3JhaGFtX2V0YWxfY2QyMDE0LnBkZgAADgAuABYAZwByAGEAaABhAG0AXwBlAHQAYQBsAF8AYwBkADIAMAAxADQALgBwAGQAZgAPABoADABNAGEAYwBpAG4AdABvAHMAaAAgAEgARAASAG9Vc2Vycy9iZW5nb2xkbWFuL09uZURyaXZlIC0gV2hpdGUgUGxhaW5zIFB1YmxpYyBTY2hvb2xzL1NjaWVuY2UgUmVzZWFyY2gvSm91cm5hbEFydGljbGVzL2dyYWhhbV9ldGFsX2NkMjAxNC5wZGYAABMAAS8AABUAAgAR//8AAAAIAA0AGgAkAIsAAAAAAAACAQAAAAAAAAAFAAAAAAAAAAAAAAAAAAACgw==}}

@article{bjerknes1969atmospheric,
	Author = {Bjerknes, Jacob},
	Date-Modified = {2020-07-02 15:55:37 -0400},
	Journal = {Mon. Wea. Rev},
	Number = {3},
	Pages = {163--172},
	Read = {-},
	Summer-To-Print = {-},
	Title = {Atmospheric teleconnections from the equatorial Pacific},
	Volume = {97},
	Year = {1969},
	Bdsk-File-1 = {YnBsaXN0MDDSAQIDBFxyZWxhdGl2ZVBhdGhZYWxpYXNEYXRhXxBeLi4vLi4vT25lRHJpdmUgLSBXaGl0ZSBQbGFpbnMgUHVibGljIFNjaG9vbHMvU2NpZW5jZSBSZXNlYXJjaC9Kb3VybmFsQXJ0aWNsZXMvQmplcmtuZXMxOTY5LnBkZk8RAdwAAAAAAdwAAgAADE1hY2ludG9zaCBIRAAAAAAAAAAAAAAAAAAAAAAAAABCRAAB/////xBCamVya25lczE5NjkucGRmAAAAAAAAAAAAAAAAAAAAAAAAAAAAAAAAAAAAAAAAAAAAAAAAAAAAAAAAAAAAAAD/////AAAAAAAAAAAAAAAAAAIABAAACiBjdQAAAAAAAAAAAAAAAAAPSm91cm5hbEFydGljbGVzAAACAGsvOlVzZXJzOmJlbmdvbGRtYW46T25lRHJpdmUgLSBXaGl0ZSBQbGFpbnMgUHVibGljIFNjaG9vbHM6U2NpZW5jZSBSZXNlYXJjaDpKb3VybmFsQXJ0aWNsZXM6QmplcmtuZXMxOTY5LnBkZgAADgAiABAAQgBqAGUAcgBrAG4AZQBzADEAOQA2ADkALgBwAGQAZgAPABoADABNAGEAYwBpAG4AdABvAHMAaAAgAEgARAASAGlVc2Vycy9iZW5nb2xkbWFuL09uZURyaXZlIC0gV2hpdGUgUGxhaW5zIFB1YmxpYyBTY2hvb2xzL1NjaWVuY2UgUmVzZWFyY2gvSm91cm5hbEFydGljbGVzL0JqZXJrbmVzMTk2OS5wZGYAABMAAS8AABUAAgAR//8AAAAIAA0AGgAkAIUAAAAAAAACAQAAAAAAAAAFAAAAAAAAAAAAAAAAAAACZQ==}}

@article{jia2019weakening,
	Author = {Jia, Fan and Cai, Wenju and Wu, Lixin and Gan, Bolan and Wang, Guojian and Kucharski, Fred and Chang, Ping and Keenlyside, Noel},
	Date-Modified = {2020-07-02 15:55:25 -0400},
	Journal = {Science advances},
	Number = {8},
	Pages = {eaax4111},
	Publisher = {American Association for the Advancement of Science},
	Read = {1},
	Title = {Weakening Atlantic Ni{\~n}o--Pacific connection under greenhouse warming},
	Volume = {5},
	Year = {2019},
	Bdsk-File-1 = {YnBsaXN0MDDSAQIDBFxyZWxhdGl2ZVBhdGhZYWxpYXNEYXRhXxBfLi4vLi4vT25lRHJpdmUgLSBXaGl0ZSBQbGFpbnMgUHVibGljIFNjaG9vbHMvU2NpZW5jZSBSZXNlYXJjaC9Kb3VybmFsQXJ0aWNsZXMvZWFheDQxMTEuZnVsbC5wZGZPEQHeAAAAAAHeAAIAAAxNYWNpbnRvc2ggSEQAAAAAAAAAAAAAAAAAAAAAAAAAQkQAAf////8RZWFheDQxMTEuZnVsbC5wZGYAAAAAAAAAAAAAAAAAAAAAAAAAAAAAAAAAAAAAAAAAAAAAAAAAAAAAAAAAAAAA/////wAAAAAAAAAAAAAAAAACAAQAAAogY3UAAAAAAAAAAAAAAAAAD0pvdXJuYWxBcnRpY2xlcwAAAgBsLzpVc2VyczpiZW5nb2xkbWFuOk9uZURyaXZlIC0gV2hpdGUgUGxhaW5zIFB1YmxpYyBTY2hvb2xzOlNjaWVuY2UgUmVzZWFyY2g6Sm91cm5hbEFydGljbGVzOmVhYXg0MTExLmZ1bGwucGRmAA4AJAARAGUAYQBhAHgANAAxADEAMQAuAGYAdQBsAGwALgBwAGQAZgAPABoADABNAGEAYwBpAG4AdABvAHMAaAAgAEgARAASAGpVc2Vycy9iZW5nb2xkbWFuL09uZURyaXZlIC0gV2hpdGUgUGxhaW5zIFB1YmxpYyBTY2hvb2xzL1NjaWVuY2UgUmVzZWFyY2gvSm91cm5hbEFydGljbGVzL2VhYXg0MTExLmZ1bGwucGRmABMAAS8AABUAAgAR//8AAAAIAA0AGgAkAIYAAAAAAAACAQAAAAAAAAAFAAAAAAAAAAAAAAAAAAACaA==}}

@article{emile2007nino,
	Author = {Emile-Geay, Julien and Cane, Mark and Seager, Richard and Kaplan, Alexey and Almasi, Peter},
	Date-Modified = {2020-06-23 12:16:36 -0400},
	Journal = {Paleoceanography},
	Number = {3},
	Publisher = {Wiley Online Library},
	Read = {1},
	Title = {El Ni{\~n}o as a mediator of the solar influence on climate},
	Volume = {22},
	Year = {2007},
	Bdsk-File-1 = {YnBsaXN0MDDSAQIDBFxyZWxhdGl2ZVBhdGhZYWxpYXNEYXRhXxB4Li4vLi4vT25lRHJpdmUgLSBXaGl0ZSBQbGFpbnMgUHVibGljIFNjaG9vbHMvU2NpZW5jZSBSZXNlYXJjaC9Kb3VybmFsQXJ0aWNsZXMvRW1pbGUtR2VheV9ldF9hbC0yMDA3LVBhbGVvY2Vhbm9ncmFwaHkucGRmTxECRAAAAAACRAACAAAMTWFjaW50b3NoIEhEAAAAAAAAAAAAAAAAAAAAAAAAAEJEAAH/////H0VtaWxlLUdlYXlfZXRfYWwtMiNGRkZGRkZGRi5wZGYAAAAAAAAAAAAAAAAAAAAAAAAAAAAAAAAAAAAAAAAAAP////8AAAAAAAAAAAAAAAAAAgAEAAAKIGN1AAAAAAAAAAAAAAAAAA9Kb3VybmFsQXJ0aWNsZXMAAAIAhS86VXNlcnM6YmVuZ29sZG1hbjpPbmVEcml2ZSAtIFdoaXRlIFBsYWlucyBQdWJsaWMgU2Nob29sczpTY2llbmNlIFJlc2VhcmNoOkpvdXJuYWxBcnRpY2xlczpFbWlsZS1HZWF5X2V0X2FsLTIwMDctUGFsZW9jZWFub2dyYXBoeS5wZGYAAA4AVgAqAEUAbQBpAGwAZQAtAEcAZQBhAHkAXwBlAHQAXwBhAGwALQAyADAAMAA3AC0AUABhAGwAZQBvAGMAZQBhAG4AbwBnAHIAYQBwAGgAeQAuAHAAZABmAA8AGgAMAE0AYQBjAGkAbgB0AG8AcwBoACAASABEABIAg1VzZXJzL2JlbmdvbGRtYW4vT25lRHJpdmUgLSBXaGl0ZSBQbGFpbnMgUHVibGljIFNjaG9vbHMvU2NpZW5jZSBSZXNlYXJjaC9Kb3VybmFsQXJ0aWNsZXMvRW1pbGUtR2VheV9ldF9hbC0yMDA3LVBhbGVvY2Vhbm9ncmFwaHkucGRmAAATAAEvAAAVAAIAEf//AAAACAANABoAJACfAAAAAAAAAgEAAAAAAAAABQAAAAAAAAAAAAAAAAAAAuc=}}

@article{stevenson2019forced,
	Author = {Stevenson, Samantha and Capotondi, Antonietta and Fasullo, John and Otto-Bliesner, Bette},
	Date-Modified = {2020-06-23 12:17:51 -0400},
	Journal = {Climate Dynamics},
	Number = {12},
	Pages = {7359--7374},
	Publisher = {Springer},
	Read = {1},
	Title = {Forced changes to twentieth century ENSO diversity in a last Millennium context},
	Volume = {52},
	Year = {2019},
	Bdsk-File-1 = {YnBsaXN0MDDSAQIDBFxyZWxhdGl2ZVBhdGhZYWxpYXNEYXRhXxBkLi4vLi4vT25lRHJpdmUgLSBXaGl0ZSBQbGFpbnMgUHVibGljIFNjaG9vbHMvU2NpZW5jZSBSZXNlYXJjaC9Kb3VybmFsQXJ0aWNsZXMvU3RldmVuc29uZXRhbDIwMTdiLnBkZk8RAfQAAAAAAfQAAgAADE1hY2ludG9zaCBIRAAAAAAAAAAAAAAAAAAAAAAAAABCRAAB/////xZTdGV2ZW5zb25ldGFsMjAxN2IucGRmAAAAAAAAAAAAAAAAAAAAAAAAAAAAAAAAAAAAAAAAAAAAAAAAAAAAAAD/////AAAAAAAAAAAAAAAAAAIABAAACiBjdQAAAAAAAAAAAAAAAAAPSm91cm5hbEFydGljbGVzAAACAHEvOlVzZXJzOmJlbmdvbGRtYW46T25lRHJpdmUgLSBXaGl0ZSBQbGFpbnMgUHVibGljIFNjaG9vbHM6U2NpZW5jZSBSZXNlYXJjaDpKb3VybmFsQXJ0aWNsZXM6U3RldmVuc29uZXRhbDIwMTdiLnBkZgAADgAuABYAUwB0AGUAdgBlAG4AcwBvAG4AZQB0AGEAbAAyADAAMQA3AGIALgBwAGQAZgAPABoADABNAGEAYwBpAG4AdABvAHMAaAAgAEgARAASAG9Vc2Vycy9iZW5nb2xkbWFuL09uZURyaXZlIC0gV2hpdGUgUGxhaW5zIFB1YmxpYyBTY2hvb2xzL1NjaWVuY2UgUmVzZWFyY2gvSm91cm5hbEFydGljbGVzL1N0ZXZlbnNvbmV0YWwyMDE3Yi5wZGYAABMAAS8AABUAAgAR//8AAAAIAA0AGgAkAIsAAAAAAAACAQAAAAAAAAAFAAAAAAAAAAAAAAAAAAACgw==}}

@article{levine2017impact,
	Author = {Levine, Aaron FZ and McPhaden, Michael J and Frierson, Dargan MW},
	Date-Modified = {2020-06-23 12:17:11 -0400},
	Journal = {Geophysical Research Letters},
	Number = {8},
	Pages = {3877--3886},
	Publisher = {Wiley Online Library},
	Read = {1},
	Title = {The impact of the AMO on multidecadal ENSO variability},
	Volume = {44},
	Year = {2017},
	Bdsk-File-1 = {YnBsaXN0MDDSAQIDBFxyZWxhdGl2ZVBhdGhZYWxpYXNEYXRhXxCALi4vLi4vT25lRHJpdmUgLSBXaGl0ZSBQbGFpbnMgUHVibGljIFNjaG9vbHMvU2NpZW5jZSBSZXNlYXJjaC9Kb3VybmFsQXJ0aWNsZXMvTGV2aW5lX2V0X2FsLTIwMTctR2VvcGh5c2ljYWxfUmVzZWFyY2hfTGV0dGVycy5wZGZPEQJkAAAAAAJkAAIAAAxNYWNpbnRvc2ggSEQAAAAAAAAAAAAAAAAAAAAAAAAAQkQAAf////8fTGV2aW5lX2V0X2FsLTIwMTctI0ZGRkZGRkZGLnBkZgAAAAAAAAAAAAAAAAAAAAAAAAAAAAAAAAAAAAAAAAAA/////wAAAAAAAAAAAAAAAAACAAQAAAogY3UAAAAAAAAAAAAAAAAAD0pvdXJuYWxBcnRpY2xlcwAAAgCNLzpVc2VyczpiZW5nb2xkbWFuOk9uZURyaXZlIC0gV2hpdGUgUGxhaW5zIFB1YmxpYyBTY2hvb2xzOlNjaWVuY2UgUmVzZWFyY2g6Sm91cm5hbEFydGljbGVzOkxldmluZV9ldF9hbC0yMDE3LUdlb3BoeXNpY2FsX1Jlc2VhcmNoX0xldHRlcnMucGRmAAAOAGYAMgBMAGUAdgBpAG4AZQBfAGUAdABfAGEAbAAtADIAMAAxADcALQBHAGUAbwBwAGgAeQBzAGkAYwBhAGwAXwBSAGUAcwBlAGEAcgBjAGgAXwBMAGUAdAB0AGUAcgBzAC4AcABkAGYADwAaAAwATQBhAGMAaQBuAHQAbwBzAGgAIABIAEQAEgCLVXNlcnMvYmVuZ29sZG1hbi9PbmVEcml2ZSAtIFdoaXRlIFBsYWlucyBQdWJsaWMgU2Nob29scy9TY2llbmNlIFJlc2VhcmNoL0pvdXJuYWxBcnRpY2xlcy9MZXZpbmVfZXRfYWwtMjAxNy1HZW9waHlzaWNhbF9SZXNlYXJjaF9MZXR0ZXJzLnBkZgAAEwABLwAAFQACABH//wAAAAgADQAaACQApwAAAAAAAAIBAAAAAAAAAAUAAAAAAAAAAAAAAAAAAAMP}}

@article{nowack2017role,
	Author = {Nowack, Peer J and Braesicke, Peter and Luke Abraham, N and Pyle, John A},
	Date-Modified = {2020-06-23 12:17:29 -0400},
	Journal = {Geophysical research letters},
	Number = {8},
	Pages = {3858--3866},
	Publisher = {Wiley Online Library},
	Read = {1},
	Title = {On the role of ozone feedback in the ENSO amplitude response under global warming},
	Volume = {44},
	Year = {2017},
	Bdsk-File-1 = {YnBsaXN0MDDSAQIDBFxyZWxhdGl2ZVBhdGhZYWxpYXNEYXRhXxBeLi4vLi4vT25lRHJpdmUgLSBXaGl0ZSBQbGFpbnMgUHVibGljIFNjaG9vbHMvU2NpZW5jZSBSZXNlYXJjaC9Kb3VybmFsQXJ0aWNsZXMvMjAxNkdMMDcyNDE4LnBkZk8RAdwAAAAAAdwAAgAADE1hY2ludG9zaCBIRAAAAAAAAAAAAAAAAAAAAAAAAABCRAAB/////xAyMDE2R0wwNzI0MTgucGRmAAAAAAAAAAAAAAAAAAAAAAAAAAAAAAAAAAAAAAAAAAAAAAAAAAAAAAAAAAAAAAD/////AAAAAAAAAAAAAAAAAAIABAAACiBjdQAAAAAAAAAAAAAAAAAPSm91cm5hbEFydGljbGVzAAACAGsvOlVzZXJzOmJlbmdvbGRtYW46T25lRHJpdmUgLSBXaGl0ZSBQbGFpbnMgUHVibGljIFNjaG9vbHM6U2NpZW5jZSBSZXNlYXJjaDpKb3VybmFsQXJ0aWNsZXM6MjAxNkdMMDcyNDE4LnBkZgAADgAiABAAMgAwADEANgBHAEwAMAA3ADIANAAxADgALgBwAGQAZgAPABoADABNAGEAYwBpAG4AdABvAHMAaAAgAEgARAASAGlVc2Vycy9iZW5nb2xkbWFuL09uZURyaXZlIC0gV2hpdGUgUGxhaW5zIFB1YmxpYyBTY2hvb2xzL1NjaWVuY2UgUmVzZWFyY2gvSm91cm5hbEFydGljbGVzLzIwMTZHTDA3MjQxOC5wZGYAABMAAS8AABUAAgAR//8AAAAIAA0AGgAkAIUAAAAAAAACAQAAAAAAAAAFAAAAAAAAAAAAAAAAAAACZQ==}}

@article{zhu2017reduced,
	Author = {Zhu, Jiang and Liu, Zhengyu and Brady, Esther and Otto-Bliesner, Bette and Zhang, Jiaxu and Noone, David and Tomas, Robert and Nusbaumer, Jesse and Wong, Tony and Jahn, Alexandra and others},
	Date-Modified = {2020-06-23 12:19:49 -0400},
	Journal = {Geophysical Research Letters},
	Number = {13},
	Pages = {6984--6992},
	Publisher = {Wiley Online Library},
	Read = {1},
	Title = {Reduced ENSO variability at the LGM revealed by an isotope-enabled Earth system model},
	Volume = {44},
	Year = {2017},
	Bdsk-File-1 = {YnBsaXN0MDDSAQIDBFxyZWxhdGl2ZVBhdGhZYWxpYXNEYXRhXxB9Li4vLi4vT25lRHJpdmUgLSBXaGl0ZSBQbGFpbnMgUHVibGljIFNjaG9vbHMvU2NpZW5jZSBSZXNlYXJjaC9Kb3VybmFsQXJ0aWNsZXMvWmh1X2V0X2FsLTIwMTctR2VvcGh5c2ljYWxfUmVzZWFyY2hfTGV0dGVycy5wZGZPEQJWAAAAAAJWAAIAAAxNYWNpbnRvc2ggSEQAAAAAAAAAAAAAAAAAAAAAAAAAQkQAAf////8fWmh1X2V0X2FsLTIwMTctR2VvI0ZGRkZGRkZGLnBkZgAAAAAAAAAAAAAAAAAAAAAAAAAAAAAAAAAAAAAAAAAA/////wAAAAAAAAAAAAAAAAACAAQAAAogY3UAAAAAAAAAAAAAAAAAD0pvdXJuYWxBcnRpY2xlcwAAAgCKLzpVc2VyczpiZW5nb2xkbWFuOk9uZURyaXZlIC0gV2hpdGUgUGxhaW5zIFB1YmxpYyBTY2hvb2xzOlNjaWVuY2UgUmVzZWFyY2g6Sm91cm5hbEFydGljbGVzOlpodV9ldF9hbC0yMDE3LUdlb3BoeXNpY2FsX1Jlc2VhcmNoX0xldHRlcnMucGRmAA4AYAAvAFoAaAB1AF8AZQB0AF8AYQBsAC0AMgAwADEANwAtAEcAZQBvAHAAaAB5AHMAaQBjAGEAbABfAFIAZQBzAGUAYQByAGMAaABfAEwAZQB0AHQAZQByAHMALgBwAGQAZgAPABoADABNAGEAYwBpAG4AdABvAHMAaAAgAEgARAASAIhVc2Vycy9iZW5nb2xkbWFuL09uZURyaXZlIC0gV2hpdGUgUGxhaW5zIFB1YmxpYyBTY2hvb2xzL1NjaWVuY2UgUmVzZWFyY2gvSm91cm5hbEFydGljbGVzL1podV9ldF9hbC0yMDE3LUdlb3BoeXNpY2FsX1Jlc2VhcmNoX0xldHRlcnMucGRmABMAAS8AABUAAgAR//8AAAAIAA0AGgAkAKQAAAAAAAACAQAAAAAAAAAFAAAAAAAAAAAAAAAAAAAC/g==}}

@article{liu2007atmospheric,
	Author = {Liu, Zhengyu and Alexander, Mike},
	Journal = {Reviews of Geophysics},
	Number = {2},
	Publisher = {Wiley Online Library},
	Title = {Atmospheric bridge, oceanic tunnel, and global climatic teleconnections},
	Volume = {45},
	Year = {2007},
	Bdsk-File-1 = {YnBsaXN0MDDSAQIDBFxyZWxhdGl2ZVBhdGhZYWxpYXNEYXRhXxBeLi4vLi4vT25lRHJpdmUgLSBXaGl0ZSBQbGFpbnMgUHVibGljIFNjaG9vbHMvU2NpZW5jZSBSZXNlYXJjaC9Kb3VybmFsQXJ0aWNsZXMvMjAwNVJHMDAwMTcyLnBkZk8RAdwAAAAAAdwAAgAADE1hY2ludG9zaCBIRAAAAAAAAAAAAAAAAAAAAAAAAABCRAAB/////xAyMDA1UkcwMDAxNzIucGRmAAAAAAAAAAAAAAAAAAAAAAAAAAAAAAAAAAAAAAAAAAAAAAAAAAAAAAAAAAAAAAD/////AAAAAAAAAAAAAAAAAAIABAAACiBjdQAAAAAAAAAAAAAAAAAPSm91cm5hbEFydGljbGVzAAACAGsvOlVzZXJzOmJlbmdvbGRtYW46T25lRHJpdmUgLSBXaGl0ZSBQbGFpbnMgUHVibGljIFNjaG9vbHM6U2NpZW5jZSBSZXNlYXJjaDpKb3VybmFsQXJ0aWNsZXM6MjAwNVJHMDAwMTcyLnBkZgAADgAiABAAMgAwADAANQBSAEcAMAAwADAAMQA3ADIALgBwAGQAZgAPABoADABNAGEAYwBpAG4AdABvAHMAaAAgAEgARAASAGlVc2Vycy9iZW5nb2xkbWFuL09uZURyaXZlIC0gV2hpdGUgUGxhaW5zIFB1YmxpYyBTY2hvb2xzL1NjaWVuY2UgUmVzZWFyY2gvSm91cm5hbEFydGljbGVzLzIwMDVSRzAwMDE3Mi5wZGYAABMAAS8AABUAAgAR//8AAAAIAA0AGgAkAIUAAAAAAAACAQAAAAAAAAAFAAAAAAAAAAAAAAAAAAACZQ==}}
