%% This BibTeX bibliography file was created using BibDesk.
%% https://bibdesk.sourceforge.io/

%% Created for Ben Goldman at 2021-02-12 09:00:55 -0500 


%% Saved with string encoding Unicode (UTF-8) 



@article{wang2019changes,
	author = {Wang, Yingying and Luo, Yiyong and Lu, Jian and Liu, Fukai},
	date-added = {2021-02-12 09:00:04 -0500},
	date-modified = {2021-02-12 09:00:04 -0500},
	journal = {Climate Dynamics},
	number = {3},
	pages = {1871--1882},
	publisher = {Springer},
	title = {Changes in ENSO amplitude under climate warming and cooling},
	volume = {52},
	year = {2019},
	Bdsk-File-1 = {YnBsaXN0MDDSAQIDBFxyZWxhdGl2ZVBhdGhZYWxpYXNEYXRhXxBhLi4vLi4vT25lRHJpdmUgLSBXaGl0ZSBQbGFpbnMgUHVibGljIFNjaG9vbHMvU2NpZW5jZSBSZXNlYXJjaC9Kb3VybmFsQXJ0aWNsZXMvV2FuZzIwMTlDaGFuZ2VzLnBkZk8RAeYAAAAAAeYAAgAADE1hY2ludG9zaCBIRAAAAAAAAAAAAAAAAAAAAAAAAABCRAAB/////xNXYW5nMjAxOUNoYW5nZXMucGRmAAAAAAAAAAAAAAAAAAAAAAAAAAAAAAAAAAAAAAAAAAAAAAAAAAAAAAAAAAD/////AAAAAAAAAAAAAAAAAAIABAAACiBjdQAAAAAAAAAAAAAAAAAPSm91cm5hbEFydGljbGVzAAACAG4vOlVzZXJzOmJlbmdvbGRtYW46T25lRHJpdmUgLSBXaGl0ZSBQbGFpbnMgUHVibGljIFNjaG9vbHM6U2NpZW5jZSBSZXNlYXJjaDpKb3VybmFsQXJ0aWNsZXM6V2FuZzIwMTlDaGFuZ2VzLnBkZgAOACgAEwBXAGEAbgBnADIAMAAxADkAQwBoAGEAbgBnAGUAcwAuAHAAZABmAA8AGgAMAE0AYQBjAGkAbgB0AG8AcwBoACAASABEABIAbFVzZXJzL2JlbmdvbGRtYW4vT25lRHJpdmUgLSBXaGl0ZSBQbGFpbnMgUHVibGljIFNjaG9vbHMvU2NpZW5jZSBSZXNlYXJjaC9Kb3VybmFsQXJ0aWNsZXMvV2FuZzIwMTlDaGFuZ2VzLnBkZgATAAEvAAAVAAIAEf//AAAACAANABoAJACIAAAAAAAAAgEAAAAAAAAABQAAAAAAAAAAAAAAAAAAAnI=}}

@article{cai2018increased,
	author = {Cai, Wenju and Wang, Guojian and Dewitte, Boris and Wu, Lixin and Santoso, Agus and Takahashi, Ken and Yang, Yun and Carr{\'e}ric, Aude and McPhaden, Michael J},
	date-added = {2020-12-11 08:48:32 -0500},
	date-modified = {2020-12-11 08:48:32 -0500},
	journal = {Nature},
	number = {7735},
	pages = {201--206},
	publisher = {Nature Publishing Group},
	title = {Increased variability of eastern Pacific El Ni{\~n}o under greenhouse warming},
	volume = {564},
	year = {2018},
	Bdsk-File-1 = {YnBsaXN0MDDSAQIDBFxyZWxhdGl2ZVBhdGhZYWxpYXNEYXRhXxBiLi4vLi4vT25lRHJpdmUgLSBXaGl0ZSBQbGFpbnMgUHVibGljIFNjaG9vbHMvU2NpZW5jZSBSZXNlYXJjaC9Kb3VybmFsQXJ0aWNsZXMvQ2FpMjAxOEluY3JlYXNlZC5wZGZPEQHsAAAAAAHsAAIAAAxNYWNpbnRvc2ggSEQAAAAAAAAAAAAAAAAAAAAAAAAAQkQAAf////8UQ2FpMjAxOEluY3JlYXNlZC5wZGYAAAAAAAAAAAAAAAAAAAAAAAAAAAAAAAAAAAAAAAAAAAAAAAAAAAAAAAAA/////wAAAAAAAAAAAAAAAAACAAQAAAogY3UAAAAAAAAAAAAAAAAAD0pvdXJuYWxBcnRpY2xlcwAAAgBvLzpVc2VyczpiZW5nb2xkbWFuOk9uZURyaXZlIC0gV2hpdGUgUGxhaW5zIFB1YmxpYyBTY2hvb2xzOlNjaWVuY2UgUmVzZWFyY2g6Sm91cm5hbEFydGljbGVzOkNhaTIwMThJbmNyZWFzZWQucGRmAAAOACoAFABDAGEAaQAyADAAMQA4AEkAbgBjAHIAZQBhAHMAZQBkAC4AcABkAGYADwAaAAwATQBhAGMAaQBuAHQAbwBzAGgAIABIAEQAEgBtVXNlcnMvYmVuZ29sZG1hbi9PbmVEcml2ZSAtIFdoaXRlIFBsYWlucyBQdWJsaWMgU2Nob29scy9TY2llbmNlIFJlc2VhcmNoL0pvdXJuYWxBcnRpY2xlcy9DYWkyMDE4SW5jcmVhc2VkLnBkZgAAEwABLwAAFQACABH//wAAAAgADQAaACQAiQAAAAAAAAIBAAAAAAAAAAUAAAAAAAAAAAAAAAAAAAJ5}}

@article{lorenz1963deterministic,
	author = {Lorenz, Edward N},
	date-added = {2020-12-03 09:21:04 -0500},
	date-modified = {2020-12-03 09:21:04 -0500},
	journal = {Journal of the atmospheric sciences},
	number = {2},
	pages = {130--141},
	title = {Deterministic nonperiodic flow},
	volume = {20},
	year = {1963},
	Bdsk-File-1 = {YnBsaXN0MDDSAQIDBFxyZWxhdGl2ZVBhdGhZYWxpYXNEYXRhXxBqLi4vLi4vT25lRHJpdmUgLSBXaGl0ZSBQbGFpbnMgUHVibGljIFNjaG9vbHMvU2NpZW5jZSBSZXNlYXJjaC9Kb3VybmFsQXJ0aWNsZXMvTG9yZW50ejE5NjNEZXRlcm1pbmlzdGljLnBkZk8RAgwAAAAAAgwAAgAADE1hY2ludG9zaCBIRAAAAAAAAAAAAAAAAAAAAAAAAABCRAAB/////xxMb3JlbnR6MTk2M0RldGVybWluaXN0aWMucGRmAAAAAAAAAAAAAAAAAAAAAAAAAAAAAAAAAAAAAAAAAAAAAAD/////AAAAAAAAAAAAAAAAAAIABAAACiBjdQAAAAAAAAAAAAAAAAAPSm91cm5hbEFydGljbGVzAAACAHcvOlVzZXJzOmJlbmdvbGRtYW46T25lRHJpdmUgLSBXaGl0ZSBQbGFpbnMgUHVibGljIFNjaG9vbHM6U2NpZW5jZSBSZXNlYXJjaDpKb3VybmFsQXJ0aWNsZXM6TG9yZW50ejE5NjNEZXRlcm1pbmlzdGljLnBkZgAADgA6ABwATABvAHIAZQBuAHQAegAxADkANgAzAEQAZQB0AGUAcgBtAGkAbgBpAHMAdABpAGMALgBwAGQAZgAPABoADABNAGEAYwBpAG4AdABvAHMAaAAgAEgARAASAHVVc2Vycy9iZW5nb2xkbWFuL09uZURyaXZlIC0gV2hpdGUgUGxhaW5zIFB1YmxpYyBTY2hvb2xzL1NjaWVuY2UgUmVzZWFyY2gvSm91cm5hbEFydGljbGVzL0xvcmVudHoxOTYzRGV0ZXJtaW5pc3RpYy5wZGYAABMAAS8AABUAAgAR//8AAAAIAA0AGgAkAJEAAAAAAAACAQAAAAAAAAAFAAAAAAAAAAAAAAAAAAACoQ==}}

@article{boer2000transient,
	author = {Boer, GJ and Flato, Greg and Ramsden, Dave},
	date-added = {2020-11-20 09:19:03 -0500},
	date-modified = {2020-11-20 09:19:03 -0500},
	journal = {Climate dynamics},
	number = {6},
	pages = {427--450},
	publisher = {Springer},
	title = {A transient climate change simulation with greenhouse gas and aerosol forcing: projected climate to the twenty-first century},
	volume = {16},
	year = {2000},
	Bdsk-File-1 = {YnBsaXN0MDDSAQIDBFxyZWxhdGl2ZVBhdGhZYWxpYXNEYXRhXxBjLi4vLi4vT25lRHJpdmUgLSBXaGl0ZSBQbGFpbnMgUHVibGljIFNjaG9vbHMvU2NpZW5jZSBSZXNlYXJjaC9Kb3VybmFsQXJ0aWNsZXMvQm9lcjIwMDBUcmFuc2llbnQucGRmTxEB7gAAAAAB7gACAAAMTWFjaW50b3NoIEhEAAAAAAAAAAAAAAAAAAAAAAAAAEJEAAH/////FUJvZXIyMDAwVHJhbnNpZW50LnBkZgAAAAAAAAAAAAAAAAAAAAAAAAAAAAAAAAAAAAAAAAAAAAAAAAAAAAAAAP////8AAAAAAAAAAAAAAAAAAgAEAAAKIGN1AAAAAAAAAAAAAAAAAA9Kb3VybmFsQXJ0aWNsZXMAAAIAcC86VXNlcnM6YmVuZ29sZG1hbjpPbmVEcml2ZSAtIFdoaXRlIFBsYWlucyBQdWJsaWMgU2Nob29sczpTY2llbmNlIFJlc2VhcmNoOkpvdXJuYWxBcnRpY2xlczpCb2VyMjAwMFRyYW5zaWVudC5wZGYADgAsABUAQgBvAGUAcgAyADAAMAAwAFQAcgBhAG4AcwBpAGUAbgB0AC4AcABkAGYADwAaAAwATQBhAGMAaQBuAHQAbwBzAGgAIABIAEQAEgBuVXNlcnMvYmVuZ29sZG1hbi9PbmVEcml2ZSAtIFdoaXRlIFBsYWlucyBQdWJsaWMgU2Nob29scy9TY2llbmNlIFJlc2VhcmNoL0pvdXJuYWxBcnRpY2xlcy9Cb2VyMjAwMFRyYW5zaWVudC5wZGYAEwABLwAAFQACABH//wAAAAgADQAaACQAigAAAAAAAAIBAAAAAAAAAAUAAAAAAAAAAAAAAAAAAAJ8}}

@article{dewitte2013reinterpreting,
	author = {Dewitte, Boris and Yeh, Sang-Wook and Thual, Sulian},
	date-added = {2020-11-20 09:05:57 -0500},
	date-modified = {2020-11-20 09:05:57 -0500},
	journal = {Climate dynamics},
	number = {3-4},
	pages = {819--830},
	publisher = {Springer},
	title = {Reinterpreting the thermocline feedback in the western-central equatorial Pacific and its relationship with the ENSO modulation},
	volume = {41},
	year = {2013},
	Bdsk-File-1 = {YnBsaXN0MDDSAQIDBFxyZWxhdGl2ZVBhdGhZYWxpYXNEYXRhXxBrLi4vLi4vT25lRHJpdmUgLSBXaGl0ZSBQbGFpbnMgUHVibGljIFNjaG9vbHMvU2NpZW5jZSBSZXNlYXJjaC9Kb3VybmFsQXJ0aWNsZXMvRGV3aXR0ZTIwMTJSZWludGVycHJldGluZy5wZGZPEQIOAAAAAAIOAAIAAAxNYWNpbnRvc2ggSEQAAAAAAAAAAAAAAAAAAAAAAAAAQkQAAf////8dRGV3aXR0ZTIwMTJSZWludGVycHJldGluZy5wZGYAAAAAAAAAAAAAAAAAAAAAAAAAAAAAAAAAAAAAAAAAAAAA/////wAAAAAAAAAAAAAAAAACAAQAAAogY3UAAAAAAAAAAAAAAAAAD0pvdXJuYWxBcnRpY2xlcwAAAgB4LzpVc2VyczpiZW5nb2xkbWFuOk9uZURyaXZlIC0gV2hpdGUgUGxhaW5zIFB1YmxpYyBTY2hvb2xzOlNjaWVuY2UgUmVzZWFyY2g6Sm91cm5hbEFydGljbGVzOkRld2l0dGUyMDEyUmVpbnRlcnByZXRpbmcucGRmAA4APAAdAEQAZQB3AGkAdAB0AGUAMgAwADEAMgBSAGUAaQBuAHQAZQByAHAAcgBlAHQAaQBuAGcALgBwAGQAZgAPABoADABNAGEAYwBpAG4AdABvAHMAaAAgAEgARAASAHZVc2Vycy9iZW5nb2xkbWFuL09uZURyaXZlIC0gV2hpdGUgUGxhaW5zIFB1YmxpYyBTY2hvb2xzL1NjaWVuY2UgUmVzZWFyY2gvSm91cm5hbEFydGljbGVzL0Rld2l0dGUyMDEyUmVpbnRlcnByZXRpbmcucGRmABMAAS8AABUAAgAR//8AAAAIAA0AGgAkAJIAAAAAAAACAQAAAAAAAAAFAAAAAAAAAAAAAAAAAAACpA==}}

@article{stevenson2011significant,
	author = {Samantha Stevenson and Baylor Fox-Kemper and Markus Jochum and Richard Neale and Clara Deser and Gerald Meehl},
	date-added = {2020-10-18 11:24:01 -0400},
	date-modified = {2020-12-03 09:24:11 -0500},
	doi = {10.1175/jcli-d-11-00252.1},
	journal = {Journal of Climate},
	month = {mar},
	number = {6},
	pages = {2129--2145},
	publisher = {American Meteorological Society},
	title = {Will There Be a Significant Change to El Ni{\~{n}}o in the Twenty-First Century?},
	url = {https://doi.org/10.1175%2Fjcli-d-11-00252.1},
	volume = {25},
	year = 2012,
	Bdsk-File-1 = {YnBsaXN0MDDSAQIDBFxyZWxhdGl2ZVBhdGhZYWxpYXNEYXRhXxBqLi4vLi4vT25lRHJpdmUgLSBXaGl0ZSBQbGFpbnMgUHVibGljIFNjaG9vbHMvU2NpZW5jZSBSZXNlYXJjaC9Kb3VybmFsQXJ0aWNsZXMvU3RldmVuc29uMjAxMVNpZ25pZmljYW50LnBkZk8RAgwAAAAAAgwAAgAADE1hY2ludG9zaCBIRAAAAAAAAAAAAAAAAAAAAAAAAABCRAAB/////xxTdGV2ZW5zb24yMDExU2lnbmlmaWNhbnQucGRmAAAAAAAAAAAAAAAAAAAAAAAAAAAAAAAAAAAAAAAAAAAAAAD/////AAAAAAAAAAAAAAAAAAIABAAACiBjdQAAAAAAAAAAAAAAAAAPSm91cm5hbEFydGljbGVzAAACAHcvOlVzZXJzOmJlbmdvbGRtYW46T25lRHJpdmUgLSBXaGl0ZSBQbGFpbnMgUHVibGljIFNjaG9vbHM6U2NpZW5jZSBSZXNlYXJjaDpKb3VybmFsQXJ0aWNsZXM6U3RldmVuc29uMjAxMVNpZ25pZmljYW50LnBkZgAADgA6ABwAUwB0AGUAdgBlAG4AcwBvAG4AMgAwADEAMQBTAGkAZwBuAGkAZgBpAGMAYQBuAHQALgBwAGQAZgAPABoADABNAGEAYwBpAG4AdABvAHMAaAAgAEgARAASAHVVc2Vycy9iZW5nb2xkbWFuL09uZURyaXZlIC0gV2hpdGUgUGxhaW5zIFB1YmxpYyBTY2hvb2xzL1NjaWVuY2UgUmVzZWFyY2gvSm91cm5hbEFydGljbGVzL1N0ZXZlbnNvbjIwMTFTaWduaWZpY2FudC5wZGYAABMAAS8AABUAAgAR//8AAAAIAA0AGgAkAJEAAAAAAAACAQAAAAAAAAAFAAAAAAAAAAAAAAAAAAACoQ==}}

@article{deser2020isolating,
	author = {Deser, Clara and Phillips, Adam S and Simpson, Isla R and Rosenbloom, Nan and Coleman, Dani and Lehner, Flavio and Pendergrass, Angeline G and DiNezio, Pedro and Stevenson, Samantha},
	date-added = {2020-10-01 19:35:16 -0400},
	date-modified = {2020-10-01 19:35:16 -0400},
	journal = {Journal of Climate},
	number = {18},
	pages = {7835--7858},
	title = {Isolating the evolving contributions of anthropogenic aerosols and greenhouse gases: a new CESM1 large ensemble community resource},
	volume = {33},
	year = {2020},
	Bdsk-File-1 = {YnBsaXN0MDDSAQIDBFxyZWxhdGl2ZVBhdGhZYWxpYXNEYXRhXxBkLi4vLi4vT25lRHJpdmUgLSBXaGl0ZSBQbGFpbnMgUHVibGljIFNjaG9vbHMvU2NpZW5jZSBSZXNlYXJjaC9Kb3VybmFsQXJ0aWNsZXMvRGVzZXIyMDIwSXNvbGF0aW5nLnBkZk8RAfQAAAAAAfQAAgAADE1hY2ludG9zaCBIRAAAAAAAAAAAAAAAAAAAAAAAAABCRAAB/////xZEZXNlcjIwMjBJc29sYXRpbmcucGRmAAAAAAAAAAAAAAAAAAAAAAAAAAAAAAAAAAAAAAAAAAAAAAAAAAAAAAD/////AAAAAAAAAAAAAAAAAAIABAAACiBjdQAAAAAAAAAAAAAAAAAPSm91cm5hbEFydGljbGVzAAACAHEvOlVzZXJzOmJlbmdvbGRtYW46T25lRHJpdmUgLSBXaGl0ZSBQbGFpbnMgUHVibGljIFNjaG9vbHM6U2NpZW5jZSBSZXNlYXJjaDpKb3VybmFsQXJ0aWNsZXM6RGVzZXIyMDIwSXNvbGF0aW5nLnBkZgAADgAuABYARABlAHMAZQByADIAMAAyADAASQBzAG8AbABhAHQAaQBuAGcALgBwAGQAZgAPABoADABNAGEAYwBpAG4AdABvAHMAaAAgAEgARAASAG9Vc2Vycy9iZW5nb2xkbWFuL09uZURyaXZlIC0gV2hpdGUgUGxhaW5zIFB1YmxpYyBTY2hvb2xzL1NjaWVuY2UgUmVzZWFyY2gvSm91cm5hbEFydGljbGVzL0Rlc2VyMjAyMElzb2xhdGluZy5wZGYAABMAAS8AABUAAgAR//8AAAAIAA0AGgAkAIsAAAAAAAACAQAAAAAAAAAFAAAAAAAAAAAAAAAAAAACgw==}}

@article{kay2015community,
	author = {Kay, Jennifer E and Deser, Clara and Phillips, A and Mai, A and Hannay, Cecile and Strand, Gary and Arblaster, Julie Michelle and Bates, SC and Danabasoglu, Gokhan and Edwards, James and others},
	date-added = {2020-10-01 19:31:01 -0400},
	date-modified = {2020-10-01 19:31:01 -0400},
	journal = {Bulletin of the American Meteorological Society},
	number = {8},
	pages = {1333--1349},
	title = {The Community Earth System Model (CESM) large ensemble project: A community resource for studying climate change in the presence of internal climate variability},
	volume = {96},
	year = {2015},
	Bdsk-File-1 = {YnBsaXN0MDDSAQIDBFxyZWxhdGl2ZVBhdGhZYWxpYXNEYXRhXxBiLi4vLi4vT25lRHJpdmUgLSBXaGl0ZSBQbGFpbnMgUHVibGljIFNjaG9vbHMvU2NpZW5jZSBSZXNlYXJjaC9Kb3VybmFsQXJ0aWNsZXMvS2F5MjAxNUNvbW11bml0eS5wZGZPEQHsAAAAAAHsAAIAAAxNYWNpbnRvc2ggSEQAAAAAAAAAAAAAAAAAAAAAAAAAQkQAAf////8US2F5MjAxNUNvbW11bml0eS5wZGYAAAAAAAAAAAAAAAAAAAAAAAAAAAAAAAAAAAAAAAAAAAAAAAAAAAAAAAAA/////wAAAAAAAAAAAAAAAAACAAQAAAogY3UAAAAAAAAAAAAAAAAAD0pvdXJuYWxBcnRpY2xlcwAAAgBvLzpVc2VyczpiZW5nb2xkbWFuOk9uZURyaXZlIC0gV2hpdGUgUGxhaW5zIFB1YmxpYyBTY2hvb2xzOlNjaWVuY2UgUmVzZWFyY2g6Sm91cm5hbEFydGljbGVzOktheTIwMTVDb21tdW5pdHkucGRmAAAOACoAFABLAGEAeQAyADAAMQA1AEMAbwBtAG0AdQBuAGkAdAB5AC4AcABkAGYADwAaAAwATQBhAGMAaQBuAHQAbwBzAGgAIABIAEQAEgBtVXNlcnMvYmVuZ29sZG1hbi9PbmVEcml2ZSAtIFdoaXRlIFBsYWlucyBQdWJsaWMgU2Nob29scy9TY2llbmNlIFJlc2VhcmNoL0pvdXJuYWxBcnRpY2xlcy9LYXkyMDE1Q29tbXVuaXR5LnBkZgAAEwABLwAAFQACABH//wAAAAgADQAaACQAiQAAAAAAAAIBAAAAAAAAAAUAAAAAAAAAAAAAAAAAAAJ5}}

@article{phillips2014evaluating,
	author = {Phillips, Adam S and Deser, Clara and Fasullo, John},
	date-added = {2020-08-27 13:53:07 -0400},
	date-modified = {2020-10-27 08:52:56 -0400},
	journal = {Eos, Transactions American Geophysical Union},
	number = {49},
	pages = {453--455},
	publisher = {Wiley Online Library},
	title = {A New Tool for Evaluating modes of variability in climate models},
	volume = {95},
	year = {2014},
	Bdsk-File-1 = {YnBsaXN0MDDSAQIDBFxyZWxhdGl2ZVBhdGhZYWxpYXNEYXRhXxBnLi4vLi4vT25lRHJpdmUgLSBXaGl0ZSBQbGFpbnMgUHVibGljIFNjaG9vbHMvU2NpZW5jZSBSZXNlYXJjaC9Kb3VybmFsQXJ0aWNsZXMvUGhpbGlwczIwMTRFdmFsdWF0aW5nLnBkZk8RAf4AAAAAAf4AAgAADE1hY2ludG9zaCBIRAAAAAAAAAAAAAAAAAAAAAAAAABCRAAB/////xlQaGlsaXBzMjAxNEV2YWx1YXRpbmcucGRmAAAAAAAAAAAAAAAAAAAAAAAAAAAAAAAAAAAAAAAAAAAAAAAAAAD/////AAAAAAAAAAAAAAAAAAIABAAACiBjdQAAAAAAAAAAAAAAAAAPSm91cm5hbEFydGljbGVzAAACAHQvOlVzZXJzOmJlbmdvbGRtYW46T25lRHJpdmUgLSBXaGl0ZSBQbGFpbnMgUHVibGljIFNjaG9vbHM6U2NpZW5jZSBSZXNlYXJjaDpKb3VybmFsQXJ0aWNsZXM6UGhpbGlwczIwMTRFdmFsdWF0aW5nLnBkZgAOADQAGQBQAGgAaQBsAGkAcABzADIAMAAxADQARQB2AGEAbAB1AGEAdABpAG4AZwAuAHAAZABmAA8AGgAMAE0AYQBjAGkAbgB0AG8AcwBoACAASABEABIAclVzZXJzL2JlbmdvbGRtYW4vT25lRHJpdmUgLSBXaGl0ZSBQbGFpbnMgUHVibGljIFNjaG9vbHMvU2NpZW5jZSBSZXNlYXJjaC9Kb3VybmFsQXJ0aWNsZXMvUGhpbGlwczIwMTRFdmFsdWF0aW5nLnBkZgATAAEvAAAVAAIAEf//AAAACAANABoAJACOAAAAAAAAAgEAAAAAAAAABQAAAAAAAAAAAAAAAAAAApA=}}

@article{yeo2017role,
	author = {Yeo, Sae-Rim and Yeh, Sang-Wook and Kim, Kwang-Yul and Kim, WonMoo},
	date-added = {2020-08-27 12:56:53 -0400},
	date-modified = {2020-08-27 13:04:47 -0400},
	journal = {Climate Dynamics},
	number = {4},
	pages = {1197--1213},
	publisher = {Springer},
	summer-to-print = {1},
	title = {The role of low-frequency variation in the manifestation of warming trend and ENSO amplitude},
	volume = {49},
	year = {2017},
	Bdsk-File-1 = {YnBsaXN0MDDSAQIDBFxyZWxhdGl2ZVBhdGhZYWxpYXNEYXRhXxBdLi4vLi4vT25lRHJpdmUgLSBXaGl0ZSBQbGFpbnMgUHVibGljIFNjaG9vbHMvU2NpZW5jZSBSZXNlYXJjaC9Kb3VybmFsQXJ0aWNsZXMvWWVvMjAxNlJvbGUucGRmTxEB1gAAAAAB1gACAAAMTWFjaW50b3NoIEhEAAAAAAAAAAAAAAAAAAAAAAAAAEJEAAH/////D1llbzIwMTZSb2xlLnBkZgAAAAAAAAAAAAAAAAAAAAAAAAAAAAAAAAAAAAAAAAAAAAAAAAAAAAAAAAAAAAAAAP////8AAAAAAAAAAAAAAAAAAgAEAAAKIGN1AAAAAAAAAAAAAAAAAA9Kb3VybmFsQXJ0aWNsZXMAAAIAai86VXNlcnM6YmVuZ29sZG1hbjpPbmVEcml2ZSAtIFdoaXRlIFBsYWlucyBQdWJsaWMgU2Nob29sczpTY2llbmNlIFJlc2VhcmNoOkpvdXJuYWxBcnRpY2xlczpZZW8yMDE2Um9sZS5wZGYADgAgAA8AWQBlAG8AMgAwADEANgBSAG8AbABlAC4AcABkAGYADwAaAAwATQBhAGMAaQBuAHQAbwBzAGgAIABIAEQAEgBoVXNlcnMvYmVuZ29sZG1hbi9PbmVEcml2ZSAtIFdoaXRlIFBsYWlucyBQdWJsaWMgU2Nob29scy9TY2llbmNlIFJlc2VhcmNoL0pvdXJuYWxBcnRpY2xlcy9ZZW8yMDE2Um9sZS5wZGYAEwABLwAAFQACABH//wAAAAgADQAaACQAhAAAAAAAAAIBAAAAAAAAAAUAAAAAAAAAAAAAAAAAAAJe}}

@article{kohyama2018weakening,
	author = {Kohyama, Tsubasa and Hartmann, Dennis L and Battisti, David S},
	date-added = {2020-08-27 12:56:13 -0400},
	date-modified = {2020-11-20 09:05:53 -0500},
	journal = {Geophysical Research Letters},
	number = {16},
	pages = {8557--8567},
	publisher = {Wiley Online Library},
	summer-to-print = {0},
	title = {Weakening of nonlinear ENSO under global warming},
	volume = {45},
	year = {2018},
	Bdsk-File-1 = {YnBsaXN0MDDSAQIDBFxyZWxhdGl2ZVBhdGhZYWxpYXNEYXRhXxBmLi4vLi4vT25lRHJpdmUgLSBXaGl0ZSBQbGFpbnMgUHVibGljIFNjaG9vbHMvU2NpZW5jZSBSZXNlYXJjaC9Kb3VybmFsQXJ0aWNsZXMvS295aGFtYTIwMThXZWFrZW5pbmcucGRmTxEB/AAAAAAB/AACAAAMTWFjaW50b3NoIEhEAAAAAAAAAAAAAAAAAAAAAAAAAEJEAAH/////GEtveWhhbWEyMDE4V2Vha2VuaW5nLnBkZgAAAAAAAAAAAAAAAAAAAAAAAAAAAAAAAAAAAAAAAAAAAAAAAAAAAP////8AAAAAAAAAAAAAAAAAAgAEAAAKIGN1AAAAAAAAAAAAAAAAAA9Kb3VybmFsQXJ0aWNsZXMAAAIAcy86VXNlcnM6YmVuZ29sZG1hbjpPbmVEcml2ZSAtIFdoaXRlIFBsYWlucyBQdWJsaWMgU2Nob29sczpTY2llbmNlIFJlc2VhcmNoOkpvdXJuYWxBcnRpY2xlczpLb3loYW1hMjAxOFdlYWtlbmluZy5wZGYAAA4AMgAYAEsAbwB5AGgAYQBtAGEAMgAwADEAOABXAGUAYQBrAGUAbgBpAG4AZwAuAHAAZABmAA8AGgAMAE0AYQBjAGkAbgB0AG8AcwBoACAASABEABIAcVVzZXJzL2JlbmdvbGRtYW4vT25lRHJpdmUgLSBXaGl0ZSBQbGFpbnMgUHVibGljIFNjaG9vbHMvU2NpZW5jZSBSZXNlYXJjaC9Kb3VybmFsQXJ0aWNsZXMvS295aGFtYTIwMThXZWFrZW5pbmcucGRmAAATAAEvAAAVAAIAEf//AAAACAANABoAJACNAAAAAAAAAgEAAAAAAAAABQAAAAAAAAAAAAAAAAAAAo0=}}

@article{rashid2016atmospheric,
	author = {Rashid, Harun A and Hirst, Anthony C and Marsland, Simon J},
	date-added = {2020-08-21 13:54:48 -0400},
	date-modified = {2020-08-27 12:59:06 -0400},
	journal = {Geophysical Research Letters},
	number = {4},
	pages = {1687--1694},
	publisher = {Wiley Online Library},
	summer-to-print = {1},
	title = {An atmospheric mechanism for ENSO amplitude changes under an abrupt quadrupling of CO2 concentration in CMIP5 models},
	volume = {43},
	year = {2016},
	Bdsk-File-1 = {YnBsaXN0MDDSAQIDBFxyZWxhdGl2ZVBhdGhZYWxpYXNEYXRhXxBnLi4vLi4vT25lRHJpdmUgLSBXaGl0ZSBQbGFpbnMgUHVibGljIFNjaG9vbHMvU2NpZW5jZSBSZXNlYXJjaC9Kb3VybmFsQXJ0aWNsZXMvUmFzaGlkMjAxNUF0bW9zcGhlcmljLnBkZk8RAf4AAAAAAf4AAgAADE1hY2ludG9zaCBIRAAAAAAAAAAAAAAAAAAAAAAAAABCRAAB/////xlSYXNoaWQyMDE1QXRtb3NwaGVyaWMucGRmAAAAAAAAAAAAAAAAAAAAAAAAAAAAAAAAAAAAAAAAAAAAAAAAAAD/////AAAAAAAAAAAAAAAAAAIABAAACiBjdQAAAAAAAAAAAAAAAAAPSm91cm5hbEFydGljbGVzAAACAHQvOlVzZXJzOmJlbmdvbGRtYW46T25lRHJpdmUgLSBXaGl0ZSBQbGFpbnMgUHVibGljIFNjaG9vbHM6U2NpZW5jZSBSZXNlYXJjaDpKb3VybmFsQXJ0aWNsZXM6UmFzaGlkMjAxNUF0bW9zcGhlcmljLnBkZgAOADQAGQBSAGEAcwBoAGkAZAAyADAAMQA1AEEAdABtAG8AcwBwAGgAZQByAGkAYwAuAHAAZABmAA8AGgAMAE0AYQBjAGkAbgB0AG8AcwBoACAASABEABIAclVzZXJzL2JlbmdvbGRtYW4vT25lRHJpdmUgLSBXaGl0ZSBQbGFpbnMgUHVibGljIFNjaG9vbHMvU2NpZW5jZSBSZXNlYXJjaC9Kb3VybmFsQXJ0aWNsZXMvUmFzaGlkMjAxNUF0bW9zcGhlcmljLnBkZgATAAEvAAAVAAIAEf//AAAACAANABoAJACOAAAAAAAAAgEAAAAAAAAABQAAAAAAAAAAAAAAAAAAApA=}}

@article{chen2015causes,
	author = {Chen, Lin and Li, Tim and Yu, Yongqiang},
	date-added = {2020-08-21 13:53:00 -0400},
	date-modified = {2020-08-21 13:53:00 -0400},
	journal = {Journal of Climate},
	number = {8},
	pages = {3250--3274},
	title = {Causes of strengthening and weakening of ENSO amplitude under global warming in four CMIP5 models},
	volume = {28},
	year = {2015},
	Bdsk-File-1 = {YnBsaXN0MDDSAQIDBFxyZWxhdGl2ZVBhdGhZYWxpYXNEYXRhXxBgLi4vLi4vT25lRHJpdmUgLSBXaGl0ZSBQbGFpbnMgUHVibGljIFNjaG9vbHMvU2NpZW5jZSBSZXNlYXJjaC9Kb3VybmFsQXJ0aWNsZXMvQ2hlbjIwMTVDYXVzZXMucGRmTxEB5AAAAAAB5AACAAAMTWFjaW50b3NoIEhEAAAAAAAAAAAAAAAAAAAAAAAAAEJEAAH/////EkNoZW4yMDE1Q2F1c2VzLnBkZgAAAAAAAAAAAAAAAAAAAAAAAAAAAAAAAAAAAAAAAAAAAAAAAAAAAAAAAAAAAP////8AAAAAAAAAAAAAAAAAAgAEAAAKIGN1AAAAAAAAAAAAAAAAAA9Kb3VybmFsQXJ0aWNsZXMAAAIAbS86VXNlcnM6YmVuZ29sZG1hbjpPbmVEcml2ZSAtIFdoaXRlIFBsYWlucyBQdWJsaWMgU2Nob29sczpTY2llbmNlIFJlc2VhcmNoOkpvdXJuYWxBcnRpY2xlczpDaGVuMjAxNUNhdXNlcy5wZGYAAA4AJgASAEMAaABlAG4AMgAwADEANQBDAGEAdQBzAGUAcwAuAHAAZABmAA8AGgAMAE0AYQBjAGkAbgB0AG8AcwBoACAASABEABIAa1VzZXJzL2JlbmdvbGRtYW4vT25lRHJpdmUgLSBXaGl0ZSBQbGFpbnMgUHVibGljIFNjaG9vbHMvU2NpZW5jZSBSZXNlYXJjaC9Kb3VybmFsQXJ0aWNsZXMvQ2hlbjIwMTVDYXVzZXMucGRmAAATAAEvAAAVAAIAEf//AAAACAANABoAJACHAAAAAAAAAgEAAAAAAAAABQAAAAAAAAAAAAAAAAAAAm8=}}

@article{maher2018enso,
	author = {Maher, Nicola and Matei, Daniela and Milinski, Sebastian and Marotzke, Jochem},
	date-added = {2020-08-21 13:51:06 -0400},
	date-modified = {2020-08-27 12:58:58 -0400},
	journal = {Geophysical Research Letters},
	number = {20},
	pages = {11--390},
	publisher = {Wiley Online Library},
	read = {-},
	summer-to-print = {1},
	title = {ENSO change in climate projections: Forced response or internal variability?},
	volume = {45},
	year = {2018},
	Bdsk-File-1 = {YnBsaXN0MDDSAQIDBFxyZWxhdGl2ZVBhdGhZYWxpYXNEYXRhXxBfLi4vLi4vT25lRHJpdmUgLSBXaGl0ZSBQbGFpbnMgUHVibGljIFNjaG9vbHMvU2NpZW5jZSBSZXNlYXJjaC9Kb3VybmFsQXJ0aWNsZXMvTWFoZXIyMDE4RW5zby5wZGZPEQHeAAAAAAHeAAIAAAxNYWNpbnRvc2ggSEQAAAAAAAAAAAAAAAAAAAAAAAAAQkQAAf////8RTWFoZXIyMDE4RW5zby5wZGYAAAAAAAAAAAAAAAAAAAAAAAAAAAAAAAAAAAAAAAAAAAAAAAAAAAAAAAAAAAAA/////wAAAAAAAAAAAAAAAAACAAQAAAogY3UAAAAAAAAAAAAAAAAAD0pvdXJuYWxBcnRpY2xlcwAAAgBsLzpVc2VyczpiZW5nb2xkbWFuOk9uZURyaXZlIC0gV2hpdGUgUGxhaW5zIFB1YmxpYyBTY2hvb2xzOlNjaWVuY2UgUmVzZWFyY2g6Sm91cm5hbEFydGljbGVzOk1haGVyMjAxOEVuc28ucGRmAA4AJAARAE0AYQBoAGUAcgAyADAAMQA4AEUAbgBzAG8ALgBwAGQAZgAPABoADABNAGEAYwBpAG4AdABvAHMAaAAgAEgARAASAGpVc2Vycy9iZW5nb2xkbWFuL09uZURyaXZlIC0gV2hpdGUgUGxhaW5zIFB1YmxpYyBTY2hvb2xzL1NjaWVuY2UgUmVzZWFyY2gvSm91cm5hbEFydGljbGVzL01haGVyMjAxOEVuc28ucGRmABMAAS8AABUAAgAR//8AAAAIAA0AGgAkAIYAAAAAAAACAQAAAAAAAAAFAAAAAAAAAAAAAAAAAAACaA==}}

@article{chen2017possible,
	author = {Chen, Lin and Li, Tim and Yu, Yongqiang and Behera, Swadhin K},
	date-added = {2020-08-21 13:48:56 -0400},
	date-modified = {2020-08-27 13:10:08 -0400},
	journal = {Climate Dynamics},
	number = {11-12},
	pages = {3799--3811},
	publisher = {Springer},
	summer-to-print = {1},
	title = {A possible explanation for the divergent projection of ENSO amplitude change under global warming},
	volume = {49},
	year = {2017}}

@article{jimenez2016record,
	author = {Jim{\'e}nez-Mu{\~n}oz, Juan C and Mattar, Cristian and Barichivich, Jonathan and Santamar{\'\i}a-Artigas, Andr{\'e}s and Takahashi, Ken and Malhi, Yadvinder and Sobrino, Jos{\'e} A and Van Der Schrier, Gerard},
	date-added = {2020-08-16 12:43:01 -0400},
	date-modified = {2020-08-27 12:33:20 -0400},
	journal = {Scientific reports},
	pages = {33130},
	publisher = {Nature Publishing Group},
	summer-to-print = {0},
	title = {Record-breaking warming and extreme drought in the Amazon rainforest during the course of El Ni{\~n}o 2015--2016},
	volume = {6},
	year = {2016},
	Bdsk-File-1 = {YnBsaXN0MDDSAQIDBFxyZWxhdGl2ZVBhdGhZYWxpYXNEYXRhXxBjLi4vLi4vT25lRHJpdmUgLSBXaGl0ZSBQbGFpbnMgUHVibGljIFNjaG9vbHMvU2NpZW5jZSBSZXNlYXJjaC9Kb3VybmFsQXJ0aWNsZXMvSmltZW5lejIwMTZSZWNvcmQucGRmTxEB7gAAAAAB7gACAAAMTWFjaW50b3NoIEhEAAAAAAAAAAAAAAAAAAAAAAAAAEJEAAH/////FUppbWVuZXoyMDE2UmVjb3JkLnBkZgAAAAAAAAAAAAAAAAAAAAAAAAAAAAAAAAAAAAAAAAAAAAAAAAAAAAAAAP////8AAAAAAAAAAAAAAAAAAgAEAAAKIGN1AAAAAAAAAAAAAAAAAA9Kb3VybmFsQXJ0aWNsZXMAAAIAcC86VXNlcnM6YmVuZ29sZG1hbjpPbmVEcml2ZSAtIFdoaXRlIFBsYWlucyBQdWJsaWMgU2Nob29sczpTY2llbmNlIFJlc2VhcmNoOkpvdXJuYWxBcnRpY2xlczpKaW1lbmV6MjAxNlJlY29yZC5wZGYADgAsABUASgBpAG0AZQBuAGUAegAyADAAMQA2AFIAZQBjAG8AcgBkAC4AcABkAGYADwAaAAwATQBhAGMAaQBuAHQAbwBzAGgAIABIAEQAEgBuVXNlcnMvYmVuZ29sZG1hbi9PbmVEcml2ZSAtIFdoaXRlIFBsYWlucyBQdWJsaWMgU2Nob29scy9TY2llbmNlIFJlc2VhcmNoL0pvdXJuYWxBcnRpY2xlcy9KaW1lbmV6MjAxNlJlY29yZC5wZGYAEwABLwAAFQACABH//wAAAAgADQAaACQAigAAAAAAAAIBAAAAAAAAAAUAAAAAAAAAAAAAAAAAAAJ8}}

@article{ropelewski1987global,
	author = {Ropelewski, Chester F and Halpert, Michael S},
	date-added = {2020-08-14 17:50:19 -0400},
	date-modified = {2020-08-27 12:40:14 -0400},
	journal = {Monthly weather review},
	number = {8},
	pages = {1606--1626},
	summer-to-print = {0},
	title = {Global and regional scale precipitation patterns associated with the El Ni{\~n}o/Southern Oscillation},
	volume = {115},
	year = {1987},
	Bdsk-File-1 = {YnBsaXN0MDDSAQIDBFxyZWxhdGl2ZVBhdGhZYWxpYXNEYXRhXxBnLi4vLi4vT25lRHJpdmUgLSBXaGl0ZSBQbGFpbnMgUHVibGljIFNjaG9vbHMvU2NpZW5jZSBSZXNlYXJjaC9Kb3VybmFsQXJ0aWNsZXMvUm9wZWxld2Vza2kxOTg3R2xvYmFsLnBkZk8RAf4AAAAAAf4AAgAADE1hY2ludG9zaCBIRAAAAAAAAAAAAAAAAAAAAAAAAABCRAAB/////xlSb3BlbGV3ZXNraTE5ODdHbG9iYWwucGRmAAAAAAAAAAAAAAAAAAAAAAAAAAAAAAAAAAAAAAAAAAAAAAAAAAD/////AAAAAAAAAAAAAAAAAAIABAAACiBjdQAAAAAAAAAAAAAAAAAPSm91cm5hbEFydGljbGVzAAACAHQvOlVzZXJzOmJlbmdvbGRtYW46T25lRHJpdmUgLSBXaGl0ZSBQbGFpbnMgUHVibGljIFNjaG9vbHM6U2NpZW5jZSBSZXNlYXJjaDpKb3VybmFsQXJ0aWNsZXM6Um9wZWxld2Vza2kxOTg3R2xvYmFsLnBkZgAOADQAGQBSAG8AcABlAGwAZQB3AGUAcwBrAGkAMQA5ADgANwBHAGwAbwBiAGEAbAAuAHAAZABmAA8AGgAMAE0AYQBjAGkAbgB0AG8AcwBoACAASABEABIAclVzZXJzL2JlbmdvbGRtYW4vT25lRHJpdmUgLSBXaGl0ZSBQbGFpbnMgUHVibGljIFNjaG9vbHMvU2NpZW5jZSBSZXNlYXJjaC9Kb3VybmFsQXJ0aWNsZXMvUm9wZWxld2Vza2kxOTg3R2xvYmFsLnBkZgATAAEvAAAVAAIAEf//AAAACAANABoAJACOAAAAAAAAAgEAAAAAAAAABQAAAAAAAAAAAAAAAAAAApA=}}

@article{zheng2016intermodel,
	author = {Zheng, Xiao-Tong and Xie, Shang-Ping and Lv, Liang-Hong and Zhou, Zhen-Qiang},
	date-added = {2020-07-23 13:34:31 -0400},
	date-modified = {2020-08-27 13:05:45 -0400},
	journal = {Journal of Climate},
	number = {20},
	pages = {7265--7279},
	summer-to-print = {1},
	title = {Intermodel uncertainty in ENSO amplitude change tied to Pacific Ocean warming pattern},
	volume = {29},
	year = {2016},
	Bdsk-File-1 = {YnBsaXN0MDDSAQIDBFxyZWxhdGl2ZVBhdGhZYWxpYXNEYXRhXxBlLi4vLi4vT25lRHJpdmUgLSBXaGl0ZSBQbGFpbnMgUHVibGljIFNjaG9vbHMvU2NpZW5jZSBSZXNlYXJjaC9Kb3VybmFsQXJ0aWNsZXMvWmhlbmcyMDE2SW50ZXJtb2RlbC5wZGZPEQH2AAAAAAH2AAIAAAxNYWNpbnRvc2ggSEQAAAAAAAAAAAAAAAAAAAAAAAAAQkQAAf////8XWmhlbmcyMDE2SW50ZXJtb2RlbC5wZGYAAAAAAAAAAAAAAAAAAAAAAAAAAAAAAAAAAAAAAAAAAAAAAAAAAAAA/////wAAAAAAAAAAAAAAAAACAAQAAAogY3UAAAAAAAAAAAAAAAAAD0pvdXJuYWxBcnRpY2xlcwAAAgByLzpVc2VyczpiZW5nb2xkbWFuOk9uZURyaXZlIC0gV2hpdGUgUGxhaW5zIFB1YmxpYyBTY2hvb2xzOlNjaWVuY2UgUmVzZWFyY2g6Sm91cm5hbEFydGljbGVzOlpoZW5nMjAxNkludGVybW9kZWwucGRmAA4AMAAXAFoAaABlAG4AZwAyADAAMQA2AEkAbgB0AGUAcgBtAG8AZABlAGwALgBwAGQAZgAPABoADABNAGEAYwBpAG4AdABvAHMAaAAgAEgARAASAHBVc2Vycy9iZW5nb2xkbWFuL09uZURyaXZlIC0gV2hpdGUgUGxhaW5zIFB1YmxpYyBTY2hvb2xzL1NjaWVuY2UgUmVzZWFyY2gvSm91cm5hbEFydGljbGVzL1poZW5nMjAxNkludGVybW9kZWwucGRmABMAAS8AABUAAgAR//8AAAAIAA0AGgAkAIwAAAAAAAACAQAAAAAAAAAFAAAAAAAAAAAAAAAAAAAChg==}}

@incollection{wang2017review,
	author = {Wang, Chunzai and Deser, Clara and Yu, Jin-Yi and DiNezio, Pedro and Clement, Amy},
	booktitle = {Coral reefs of the eastern tropical Pacific},
	date-added = {2020-07-23 13:27:54 -0400},
	date-modified = {2020-12-03 09:25:22 -0500},
	pages = {85--106},
	publisher = {Springer},
	title = {El Ni{\~n}o and southern oscillation (ENSO): a review},
	year = {2017},
	Bdsk-File-1 = {YnBsaXN0MDDSAQIDBFxyZWxhdGl2ZVBhdGhZYWxpYXNEYXRhXxBgLi4vLi4vT25lRHJpdmUgLSBXaGl0ZSBQbGFpbnMgUHVibGljIFNjaG9vbHMvU2NpZW5jZSBSZXNlYXJjaC9Kb3VybmFsQXJ0aWNsZXMvV2FuZzIwMTZSZXZpZXcucGRmTxEB5AAAAAAB5AACAAAMTWFjaW50b3NoIEhEAAAAAAAAAAAAAAAAAAAAAAAAAEJEAAH/////EldhbmcyMDE2UmV2aWV3LnBkZgAAAAAAAAAAAAAAAAAAAAAAAAAAAAAAAAAAAAAAAAAAAAAAAAAAAAAAAAAAAP////8AAAAAAAAAAAAAAAAAAgAEAAAKIGN1AAAAAAAAAAAAAAAAAA9Kb3VybmFsQXJ0aWNsZXMAAAIAbS86VXNlcnM6YmVuZ29sZG1hbjpPbmVEcml2ZSAtIFdoaXRlIFBsYWlucyBQdWJsaWMgU2Nob29sczpTY2llbmNlIFJlc2VhcmNoOkpvdXJuYWxBcnRpY2xlczpXYW5nMjAxNlJldmlldy5wZGYAAA4AJgASAFcAYQBuAGcAMgAwADEANgBSAGUAdgBpAGUAdwAuAHAAZABmAA8AGgAMAE0AYQBjAGkAbgB0AG8AcwBoACAASABEABIAa1VzZXJzL2JlbmdvbGRtYW4vT25lRHJpdmUgLSBXaGl0ZSBQbGFpbnMgUHVibGljIFNjaG9vbHMvU2NpZW5jZSBSZXNlYXJjaC9Kb3VybmFsQXJ0aWNsZXMvV2FuZzIwMTZSZXZpZXcucGRmAAATAAEvAAAVAAIAEf//AAAACAANABoAJACHAAAAAAAAAgEAAAAAAAAABQAAAAAAAAAAAAAAAAAAAm8=}}

@article{kiladis2009convectively,
	author = {Kiladis, George N and Wheeler, Matthew C and Haertel, Patrick T and Straub, Katherine H and Roundy, Paul E},
	date-added = {2020-07-20 12:48:00 -0400},
	date-modified = {2020-08-27 12:59:13 -0400},
	journal = {Reviews of Geophysics},
	number = {2},
	publisher = {Wiley Online Library},
	summer-to-print = {1},
	title = {Convectively coupled equatorial waves},
	volume = {47},
	year = {2009},
	Bdsk-File-1 = {YnBsaXN0MDDSAQIDBFxyZWxhdGl2ZVBhdGhZYWxpYXNEYXRhXxBpLi4vLi4vT25lRHJpdmUgLSBXaGl0ZSBQbGFpbnMgUHVibGljIFNjaG9vbHMvU2NpZW5jZSBSZXNlYXJjaC9Kb3VybmFsQXJ0aWNsZXMvS2lsYWRpczIwMDlDb252ZWN0aXZlbHkucGRmTxECBgAAAAACBgACAAAMTWFjaW50b3NoIEhEAAAAAAAAAAAAAAAAAAAAAAAAAEJEAAH/////G0tpbGFkaXMyMDA5Q29udmVjdGl2ZWx5LnBkZgAAAAAAAAAAAAAAAAAAAAAAAAAAAAAAAAAAAAAAAAAAAAAAAP////8AAAAAAAAAAAAAAAAAAgAEAAAKIGN1AAAAAAAAAAAAAAAAAA9Kb3VybmFsQXJ0aWNsZXMAAAIAdi86VXNlcnM6YmVuZ29sZG1hbjpPbmVEcml2ZSAtIFdoaXRlIFBsYWlucyBQdWJsaWMgU2Nob29sczpTY2llbmNlIFJlc2VhcmNoOkpvdXJuYWxBcnRpY2xlczpLaWxhZGlzMjAwOUNvbnZlY3RpdmVseS5wZGYADgA4ABsASwBpAGwAYQBkAGkAcwAyADAAMAA5AEMAbwBuAHYAZQBjAHQAaQB2AGUAbAB5AC4AcABkAGYADwAaAAwATQBhAGMAaQBuAHQAbwBzAGgAIABIAEQAEgB0VXNlcnMvYmVuZ29sZG1hbi9PbmVEcml2ZSAtIFdoaXRlIFBsYWlucyBQdWJsaWMgU2Nob29scy9TY2llbmNlIFJlc2VhcmNoL0pvdXJuYWxBcnRpY2xlcy9LaWxhZGlzMjAwOUNvbnZlY3RpdmVseS5wZGYAEwABLwAAFQACABH//wAAAAgADQAaACQAkAAAAAAAAAIBAAAAAAAAAAUAAAAAAAAAAAAAAAAAAAKa}}

@article{lubbecke2014assessing,
	author = {L{\"u}bbecke, Joke F and McPhaden, Michael J},
	date-added = {2020-06-23 12:31:42 -0400},
	date-modified = {2020-07-23 12:51:50 -0400},
	journal = {Journal of Climate},
	number = {7},
	pages = {2577--2587},
	read = {-},
	title = {Assessing the twenty-first-century shift in ENSO variability in terms of the Bjerknes stability index},
	volume = {27},
	year = {2014},
	Bdsk-File-1 = {YnBsaXN0MDDSAQIDBFxyZWxhdGl2ZVBhdGhZYWxpYXNEYXRhXxBnLi4vLi4vT25lRHJpdmUgLSBXaGl0ZSBQbGFpbnMgUHVibGljIFNjaG9vbHMvU2NpZW5jZSBSZXNlYXJjaC9Kb3VybmFsQXJ0aWNsZXMvTHViYmVja2UyMDEzQXNzZXNzaW5nLnBkZk8RAf4AAAAAAf4AAgAADE1hY2ludG9zaCBIRAAAAAAAAAAAAAAAAAAAAAAAAABCRAAB/////xlMdWJiZWNrZTIwMTNBc3Nlc3NpbmcucGRmAAAAAAAAAAAAAAAAAAAAAAAAAAAAAAAAAAAAAAAAAAAAAAAAAAD/////AAAAAAAAAAAAAAAAAAIABAAACiBjdQAAAAAAAAAAAAAAAAAPSm91cm5hbEFydGljbGVzAAACAHQvOlVzZXJzOmJlbmdvbGRtYW46T25lRHJpdmUgLSBXaGl0ZSBQbGFpbnMgUHVibGljIFNjaG9vbHM6U2NpZW5jZSBSZXNlYXJjaDpKb3VybmFsQXJ0aWNsZXM6THViYmVja2UyMDEzQXNzZXNzaW5nLnBkZgAOADQAGQBMAHUAYgBiAGUAYwBrAGUAMgAwADEAMwBBAHMAcwBlAHMAcwBpAG4AZwAuAHAAZABmAA8AGgAMAE0AYQBjAGkAbgB0AG8AcwBoACAASABEABIAclVzZXJzL2JlbmdvbGRtYW4vT25lRHJpdmUgLSBXaGl0ZSBQbGFpbnMgUHVibGljIFNjaG9vbHMvU2NpZW5jZSBSZXNlYXJjaC9Kb3VybmFsQXJ0aWNsZXMvTHViYmVja2UyMDEzQXNzZXNzaW5nLnBkZgATAAEvAAAVAAIAEf//AAAACAANABoAJACOAAAAAAAAAgEAAAAAAAAABQAAAAAAAAAAAAAAAAAAApA=}}

@article{an2017feedback,
	author = {An, Soon-Il and Heo, Eun Sook and Kim, Seon Tae},
	date-added = {2020-06-23 12:29:12 -0400},
	date-modified = {2020-08-27 13:10:22 -0400},
	journal = {Geophysical Research Letters},
	number = {9},
	pages = {4272--4279},
	publisher = {Wiley Online Library},
	summer-to-print = {1},
	title = {Feedback process responsible for intermodel diversity of ENSO variability},
	volume = {44},
	year = {2017},
	Bdsk-File-1 = {YnBsaXN0MDDSAQIDBFxyZWxhdGl2ZVBhdGhZYWxpYXNEYXRhXxBgLi4vLi4vT25lRHJpdmUgLSBXaGl0ZSBQbGFpbnMgUHVibGljIFNjaG9vbHMvU2NpZW5jZSBSZXNlYXJjaC9Kb3VybmFsQXJ0aWNsZXMvQW4yMDE3RmVlZGJhY2sucGRmTxEB5AAAAAAB5AACAAAMTWFjaW50b3NoIEhEAAAAAAAAAAAAAAAAAAAAAAAAAEJEAAH/////EkFuMjAxN0ZlZWRiYWNrLnBkZgAAAAAAAAAAAAAAAAAAAAAAAAAAAAAAAAAAAAAAAAAAAAAAAAAAAAAAAAAAAP////8AAAAAAAAAAAAAAAAAAgAEAAAKIGN1AAAAAAAAAAAAAAAAAA9Kb3VybmFsQXJ0aWNsZXMAAAIAbS86VXNlcnM6YmVuZ29sZG1hbjpPbmVEcml2ZSAtIFdoaXRlIFBsYWlucyBQdWJsaWMgU2Nob29sczpTY2llbmNlIFJlc2VhcmNoOkpvdXJuYWxBcnRpY2xlczpBbjIwMTdGZWVkYmFjay5wZGYAAA4AJgASAEEAbgAyADAAMQA3AEYAZQBlAGQAYgBhAGMAawAuAHAAZABmAA8AGgAMAE0AYQBjAGkAbgB0AG8AcwBoACAASABEABIAa1VzZXJzL2JlbmdvbGRtYW4vT25lRHJpdmUgLSBXaGl0ZSBQbGFpbnMgUHVibGljIFNjaG9vbHMvU2NpZW5jZSBSZXNlYXJjaC9Kb3VybmFsQXJ0aWNsZXMvQW4yMDE3RmVlZGJhY2sucGRmAAATAAEvAAAVAAIAEf//AAAACAANABoAJACHAAAAAAAAAgEAAAAAAAAABQAAAAAAAAAAAAAAAAAAAm8=}}

@article{stevenson2010enso,
	author = {Stevenson, Samantha and Fox-Kemper, Baylor and Jochum, Markus and Rajagopalan, Balaji and Yeager, Stephen G},
	date-added = {2020-06-23 12:26:07 -0400},
	date-modified = {2020-06-23 12:26:07 -0400},
	journal = {Journal of Climate},
	number = {20},
	pages = {5540--5547},
	title = {ENSO model validation using wavelet probability analysis},
	volume = {23},
	year = {2010},
	Bdsk-File-1 = {YnBsaXN0MDDSAQIDBFxyZWxhdGl2ZVBhdGhZYWxpYXNEYXRhXxBjLi4vLi4vT25lRHJpdmUgLSBXaGl0ZSBQbGFpbnMgUHVibGljIFNjaG9vbHMvU2NpZW5jZSBSZXNlYXJjaC9Kb3VybmFsQXJ0aWNsZXMvU3RldmVuc29uMjAwOEVOU08ucGRmTxEB7gAAAAAB7gACAAAMTWFjaW50b3NoIEhEAAAAAAAAAAAAAAAAAAAAAAAAAEJEAAH/////FVN0ZXZlbnNvbjIwMDhFTlNPLnBkZgAAAAAAAAAAAAAAAAAAAAAAAAAAAAAAAAAAAAAAAAAAAAAAAAAAAAAAAP////8AAAAAAAAAAAAAAAAAAgAEAAAKIGN1AAAAAAAAAAAAAAAAAA9Kb3VybmFsQXJ0aWNsZXMAAAIAcC86VXNlcnM6YmVuZ29sZG1hbjpPbmVEcml2ZSAtIFdoaXRlIFBsYWlucyBQdWJsaWMgU2Nob29sczpTY2llbmNlIFJlc2VhcmNoOkpvdXJuYWxBcnRpY2xlczpTdGV2ZW5zb24yMDA4RU5TTy5wZGYADgAsABUAUwB0AGUAdgBlAG4AcwBvAG4AMgAwADAAOABFAE4AUwBPAC4AcABkAGYADwAaAAwATQBhAGMAaQBuAHQAbwBzAGgAIABIAEQAEgBuVXNlcnMvYmVuZ29sZG1hbi9PbmVEcml2ZSAtIFdoaXRlIFBsYWlucyBQdWJsaWMgU2Nob29scy9TY2llbmNlIFJlc2VhcmNoL0pvdXJuYWxBcnRpY2xlcy9TdGV2ZW5zb24yMDA4RU5TTy5wZGYAEwABLwAAFQACABH//wAAAAgADQAaACQAigAAAAAAAAIBAAAAAAAAAAUAAAAAAAAAAAAAAAAAAAJ8}}

@article{fernandez2004analysis,
	author = {Fern{\'a}ndez, Natalia Calvo and Herrera, Ricardo Garc{\'I}a and Puyol, David Gallego and Mart{\'I}n, Emiliano Hern{\'a}ndez and Garc{\'I}a, Rolando R and Presa, Luis Gimeno and Rodr{\'I}guez, Pedro Ribera},
	date-added = {2020-06-23 12:25:20 -0400},
	date-modified = {2020-06-23 12:25:20 -0400},
	journal = {Journal of climate},
	number = {20},
	pages = {3934--3946},
	title = {Analysis of the ENSO signal in tropospheric and stratospheric temperatures observed by MSU, 1979--2000},
	volume = {17},
	year = {2004},
	Bdsk-File-1 = {YnBsaXN0MDDSAQIDBFxyZWxhdGl2ZVBhdGhZYWxpYXNEYXRhXxBnLi4vLi4vT25lRHJpdmUgLSBXaGl0ZSBQbGFpbnMgUHVibGljIFNjaG9vbHMvU2NpZW5jZSBSZXNlYXJjaC9Kb3VybmFsQXJ0aWNsZXMvRmVybmFuZGV6MjAwNEFuYWx5c2lzLnBkZk8RAf4AAAAAAf4AAgAADE1hY2ludG9zaCBIRAAAAAAAAAAAAAAAAAAAAAAAAABCRAAB/////xlGZXJuYW5kZXoyMDA0QW5hbHlzaXMucGRmAAAAAAAAAAAAAAAAAAAAAAAAAAAAAAAAAAAAAAAAAAAAAAAAAAD/////AAAAAAAAAAAAAAAAAAIABAAACiBjdQAAAAAAAAAAAAAAAAAPSm91cm5hbEFydGljbGVzAAACAHQvOlVzZXJzOmJlbmdvbGRtYW46T25lRHJpdmUgLSBXaGl0ZSBQbGFpbnMgUHVibGljIFNjaG9vbHM6U2NpZW5jZSBSZXNlYXJjaDpKb3VybmFsQXJ0aWNsZXM6RmVybmFuZGV6MjAwNEFuYWx5c2lzLnBkZgAOADQAGQBGAGUAcgBuAGEAbgBkAGUAegAyADAAMAA0AEEAbgBhAGwAeQBzAGkAcwAuAHAAZABmAA8AGgAMAE0AYQBjAGkAbgB0AG8AcwBoACAASABEABIAclVzZXJzL2JlbmdvbGRtYW4vT25lRHJpdmUgLSBXaGl0ZSBQbGFpbnMgUHVibGljIFNjaG9vbHMvU2NpZW5jZSBSZXNlYXJjaC9Kb3VybmFsQXJ0aWNsZXMvRmVybmFuZGV6MjAwNEFuYWx5c2lzLnBkZgATAAEvAAAVAAIAEf//AAAACAANABoAJACOAAAAAAAAAgEAAAAAAAAABQAAAAAAAAAAAAAAAAAAApA=}}

@article{kestin1998time,
	author = {Kestin, Tahl S and Karoly, David J and Yano, Jun-Ichi and Rayner, Nicola A},
	date-added = {2020-06-23 12:23:58 -0400},
	date-modified = {2020-06-23 12:23:58 -0400},
	journal = {Journal of Climate},
	number = {9},
	pages = {2258--2272},
	title = {Time--frequency variability of ENSO and stochastic simulations},
	volume = {11},
	year = {1998},
	Bdsk-File-1 = {YnBsaXN0MDDSAQIDBFxyZWxhdGl2ZVBhdGhZYWxpYXNEYXRhXxBgLi4vLi4vT25lRHJpdmUgLSBXaGl0ZSBQbGFpbnMgUHVibGljIFNjaG9vbHMvU2NpZW5jZSBSZXNlYXJjaC9Kb3VybmFsQXJ0aWNsZXMvS2VzdGluMTk5N1RpbWUucGRmTxEB5AAAAAAB5AACAAAMTWFjaW50b3NoIEhEAAAAAAAAAAAAAAAAAAAAAAAAAEJEAAH/////Ektlc3RpbjE5OTdUaW1lLnBkZgAAAAAAAAAAAAAAAAAAAAAAAAAAAAAAAAAAAAAAAAAAAAAAAAAAAAAAAAAAAP////8AAAAAAAAAAAAAAAAAAgAEAAAKIGN1AAAAAAAAAAAAAAAAAA9Kb3VybmFsQXJ0aWNsZXMAAAIAbS86VXNlcnM6YmVuZ29sZG1hbjpPbmVEcml2ZSAtIFdoaXRlIFBsYWlucyBQdWJsaWMgU2Nob29sczpTY2llbmNlIFJlc2VhcmNoOkpvdXJuYWxBcnRpY2xlczpLZXN0aW4xOTk3VGltZS5wZGYAAA4AJgASAEsAZQBzAHQAaQBuADEAOQA5ADcAVABpAG0AZQAuAHAAZABmAA8AGgAMAE0AYQBjAGkAbgB0AG8AcwBoACAASABEABIAa1VzZXJzL2JlbmdvbGRtYW4vT25lRHJpdmUgLSBXaGl0ZSBQbGFpbnMgUHVibGljIFNjaG9vbHMvU2NpZW5jZSBSZXNlYXJjaC9Kb3VybmFsQXJ0aWNsZXMvS2VzdGluMTk5N1RpbWUucGRmAAATAAEvAAAVAAIAEf//AAAACAANABoAJACHAAAAAAAAAgEAAAAAAAAABQAAAAAAAAAAAAAAAAAAAm8=}}

@article{zhang2019review,
	author = {Zhang, Rong and Sutton, Rowan and Danabasoglu, Gokhan and Kwon, Young-Oh and Marsh, Robert and Yeager, Stephen G and Amrhein, Daniel E and Little, Christopher M},
	date-added = {2020-06-23 12:11:32 -0400},
	date-modified = {2020-06-23 12:35:43 -0400},
	journal = {Reviews of Geophysics},
	number = {2},
	pages = {316--375},
	publisher = {Wiley Online Library},
	summer-to-print = {-},
	title = {A review of the role of the Atlantic meridional overturning circulation in Atlantic multidecadal variability and associated climate impacts},
	volume = {57},
	year = {2019},
	Bdsk-File-1 = {YnBsaXN0MDDSAQIDBFxyZWxhdGl2ZVBhdGhZYWxpYXNEYXRhXxBhLi4vLi4vT25lRHJpdmUgLSBXaGl0ZSBQbGFpbnMgUHVibGljIFNjaG9vbHMvU2NpZW5jZSBSZXNlYXJjaC9Kb3VybmFsQXJ0aWNsZXMvWmhhbmcyMDE5UmV2aWV3LnBkZk8RAeYAAAAAAeYAAgAADE1hY2ludG9zaCBIRAAAAAAAAAAAAAAAAAAAAAAAAABCRAAB/////xNaaGFuZzIwMTlSZXZpZXcucGRmAAAAAAAAAAAAAAAAAAAAAAAAAAAAAAAAAAAAAAAAAAAAAAAAAAAAAAAAAAD/////AAAAAAAAAAAAAAAAAAIABAAACiBjdQAAAAAAAAAAAAAAAAAPSm91cm5hbEFydGljbGVzAAACAG4vOlVzZXJzOmJlbmdvbGRtYW46T25lRHJpdmUgLSBXaGl0ZSBQbGFpbnMgUHVibGljIFNjaG9vbHM6U2NpZW5jZSBSZXNlYXJjaDpKb3VybmFsQXJ0aWNsZXM6WmhhbmcyMDE5UmV2aWV3LnBkZgAOACgAEwBaAGgAYQBuAGcAMgAwADEAOQBSAGUAdgBpAGUAdwAuAHAAZABmAA8AGgAMAE0AYQBjAGkAbgB0AG8AcwBoACAASABEABIAbFVzZXJzL2JlbmdvbGRtYW4vT25lRHJpdmUgLSBXaGl0ZSBQbGFpbnMgUHVibGljIFNjaG9vbHMvU2NpZW5jZSBSZXNlYXJjaC9Kb3VybmFsQXJ0aWNsZXMvWmhhbmcyMDE5UmV2aWV3LnBkZgATAAEvAAAVAAIAEf//AAAACAANABoAJACIAAAAAAAAAgEAAAAAAAAABQAAAAAAAAAAAAAAAAAAAnI=}}

@article{hu2018cross,
	author = {Hu, Shineng and Fedorov, Alexey V},
	date-added = {2020-06-23 12:10:29 -0400},
	date-modified = {2020-08-27 13:10:12 -0400},
	journal = {Nature Climate Change},
	number = {9},
	pages = {798--802},
	publisher = {Nature Publishing Group},
	read = {1},
	summer-to-print = {1},
	title = {Cross-equatorial winds control El Ni{\~n}o diversity and change},
	volume = {8},
	year = {2018},
	Bdsk-File-1 = {YnBsaXN0MDDSAQIDBFxyZWxhdGl2ZVBhdGhZYWxpYXNEYXRhXxBdLi4vLi4vT25lRHJpdmUgLSBXaGl0ZSBQbGFpbnMgUHVibGljIFNjaG9vbHMvU2NpZW5jZSBSZXNlYXJjaC9Kb3VybmFsQXJ0aWNsZXMvSHUyMDE4Q3Jvc3MucGRmTxEB1gAAAAAB1gACAAAMTWFjaW50b3NoIEhEAAAAAAAAAAAAAAAAAAAAAAAAAEJEAAH/////D0h1MjAxOENyb3NzLnBkZgAAAAAAAAAAAAAAAAAAAAAAAAAAAAAAAAAAAAAAAAAAAAAAAAAAAAAAAAAAAAAAAP////8AAAAAAAAAAAAAAAAAAgAEAAAKIGN1AAAAAAAAAAAAAAAAAA9Kb3VybmFsQXJ0aWNsZXMAAAIAai86VXNlcnM6YmVuZ29sZG1hbjpPbmVEcml2ZSAtIFdoaXRlIFBsYWlucyBQdWJsaWMgU2Nob29sczpTY2llbmNlIFJlc2VhcmNoOkpvdXJuYWxBcnRpY2xlczpIdTIwMThDcm9zcy5wZGYADgAgAA8ASAB1ADIAMAAxADgAQwByAG8AcwBzAC4AcABkAGYADwAaAAwATQBhAGMAaQBuAHQAbwBzAGgAIABIAEQAEgBoVXNlcnMvYmVuZ29sZG1hbi9PbmVEcml2ZSAtIFdoaXRlIFBsYWlucyBQdWJsaWMgU2Nob29scy9TY2llbmNlIFJlc2VhcmNoL0pvdXJuYWxBcnRpY2xlcy9IdTIwMThDcm9zcy5wZGYAEwABLwAAFQACABH//wAAAAgADQAaACQAhAAAAAAAAAIBAAAAAAAAAAUAAAAAAAAAAAAAAAAAAAJe}}

@article{son2010impact,
	author = {Son, S-W and Gerber, EP and Perlwitz, J and Polvani, Lorenzo M and Gillett, NP and Seo, K-H and Eyring, Veronika and Shepherd, TG and Waugh, D and Akiyoshi, H and others},
	date-added = {2020-04-20 13:34:19 -0400},
	date-modified = {2020-04-20 13:34:19 -0400},
	journal = {Journal of Geophysical Research: Atmospheres},
	number = {D3},
	publisher = {Wiley Online Library},
	title = {Impact of stratospheric ozone on Southern Hemisphere circulation change: A multimodel assessment},
	volume = {115},
	year = {2010},
	Bdsk-File-1 = {YnBsaXN0MDDSAQIDBFxyZWxhdGl2ZVBhdGhZYWxpYXNEYXRhXxBfLi4vLi4vT25lRHJpdmUgLSBXaGl0ZSBQbGFpbnMgUHVibGljIFNjaG9vbHMvU2NpZW5jZSBSZXNlYXJjaC9Kb3VybmFsQXJ0aWNsZXMvU29uMjAxMEltcGFjdC5wZGZPEQHeAAAAAAHeAAIAAAxNYWNpbnRvc2ggSEQAAAAAAAAAAAAAAAAAAAAAAAAAQkQAAf////8RU29uMjAxMEltcGFjdC5wZGYAAAAAAAAAAAAAAAAAAAAAAAAAAAAAAAAAAAAAAAAAAAAAAAAAAAAAAAAAAAAA/////wAAAAAAAAAAAAAAAAACAAQAAAogY3UAAAAAAAAAAAAAAAAAD0pvdXJuYWxBcnRpY2xlcwAAAgBsLzpVc2VyczpiZW5nb2xkbWFuOk9uZURyaXZlIC0gV2hpdGUgUGxhaW5zIFB1YmxpYyBTY2hvb2xzOlNjaWVuY2UgUmVzZWFyY2g6Sm91cm5hbEFydGljbGVzOlNvbjIwMTBJbXBhY3QucGRmAA4AJAARAFMAbwBuADIAMAAxADAASQBtAHAAYQBjAHQALgBwAGQAZgAPABoADABNAGEAYwBpAG4AdABvAHMAaAAgAEgARAASAGpVc2Vycy9iZW5nb2xkbWFuL09uZURyaXZlIC0gV2hpdGUgUGxhaW5zIFB1YmxpYyBTY2hvb2xzL1NjaWVuY2UgUmVzZWFyY2gvSm91cm5hbEFydGljbGVzL1NvbjIwMTBJbXBhY3QucGRmABMAAS8AABUAAgAR//8AAAAIAA0AGgAkAIYAAAAAAAACAQAAAAAAAAAFAAAAAAAAAAAAAAAAAAACaA==}}

@article{stevenson2012significant,
	author = {Stevenson, SL},
	date-added = {2020-04-20 13:17:06 -0400},
	date-modified = {2020-08-20 12:33:01 -0400},
	journal = {Geophysical Research Letters},
	number = {17},
	publisher = {Wiley Online Library},
	read = {-},
	summer-to-print = {-},
	title = {Significant changes to ENSO strength and impacts in the twenty-first century: Results from CMIP5},
	volume = {39},
	year = {2012},
	Bdsk-File-1 = {YnBsaXN0MDDSAQIDBFxyZWxhdGl2ZVBhdGhZYWxpYXNEYXRhXxBqLi4vLi4vT25lRHJpdmUgLSBXaGl0ZSBQbGFpbnMgUHVibGljIFNjaG9vbHMvU2NpZW5jZSBSZXNlYXJjaC9Kb3VybmFsQXJ0aWNsZXMvU3RldmVuc29uMjAxMlNpZ25pZmljYW50LnBkZk8RAgwAAAAAAgwAAgAADE1hY2ludG9zaCBIRAAAAAAAAAAAAAAAAAAAAAAAAABCRAAB/////xxTdGV2ZW5zb24yMDEyU2lnbmlmaWNhbnQucGRmAAAAAAAAAAAAAAAAAAAAAAAAAAAAAAAAAAAAAAAAAAAAAAD/////AAAAAAAAAAAAAAAAAAIABAAACiBjdQAAAAAAAAAAAAAAAAAPSm91cm5hbEFydGljbGVzAAACAHcvOlVzZXJzOmJlbmdvbGRtYW46T25lRHJpdmUgLSBXaGl0ZSBQbGFpbnMgUHVibGljIFNjaG9vbHM6U2NpZW5jZSBSZXNlYXJjaDpKb3VybmFsQXJ0aWNsZXM6U3RldmVuc29uMjAxMlNpZ25pZmljYW50LnBkZgAADgA6ABwAUwB0AGUAdgBlAG4AcwBvAG4AMgAwADEAMgBTAGkAZwBuAGkAZgBpAGMAYQBuAHQALgBwAGQAZgAPABoADABNAGEAYwBpAG4AdABvAHMAaAAgAEgARAASAHVVc2Vycy9iZW5nb2xkbWFuL09uZURyaXZlIC0gV2hpdGUgUGxhaW5zIFB1YmxpYyBTY2hvb2xzL1NjaWVuY2UgUmVzZWFyY2gvSm91cm5hbEFydGljbGVzL1N0ZXZlbnNvbjIwMTJTaWduaWZpY2FudC5wZGYAABMAAS8AABUAAgAR//8AAAAIAA0AGgAkAJEAAAAAAAACAQAAAAAAAAAFAAAAAAAAAAAAAAAAAAACoQ==}}

@article{vega2017analysis,
	author = {Vega-Westhoff, Benjamin and Sriver, Ryan L},
	date-added = {2020-04-20 12:53:59 -0400},
	date-modified = {2020-08-21 13:48:50 -0400},
	journal = {Scientific reports},
	number = {1},
	pages = {1--10},
	publisher = {Nature Publishing Group},
	read = {1},
	summer-to-print = {-},
	title = {Analysis of ENSO's response to unforced variability and anthropogenic forcing using CESM},
	volume = {7},
	year = {2017},
	Bdsk-File-1 = {YnBsaXN0MDDSAQIDBFxyZWxhdGl2ZVBhdGhZYWxpYXNEYXRhXxBiLi4vLi4vT25lRHJpdmUgLSBXaGl0ZSBQbGFpbnMgUHVibGljIFNjaG9vbHMvU2NpZW5jZSBSZXNlYXJjaC9Kb3VybmFsQXJ0aWNsZXMvVmVnYTIwMTdBbmFseXNpcy5wZGZPEQHsAAAAAAHsAAIAAAxNYWNpbnRvc2ggSEQAAAAAAAAAAAAAAAAAAAAAAAAAQkQAAf////8UVmVnYTIwMTdBbmFseXNpcy5wZGYAAAAAAAAAAAAAAAAAAAAAAAAAAAAAAAAAAAAAAAAAAAAAAAAAAAAAAAAA/////wAAAAAAAAAAAAAAAAACAAQAAAogY3UAAAAAAAAAAAAAAAAAD0pvdXJuYWxBcnRpY2xlcwAAAgBvLzpVc2VyczpiZW5nb2xkbWFuOk9uZURyaXZlIC0gV2hpdGUgUGxhaW5zIFB1YmxpYyBTY2hvb2xzOlNjaWVuY2UgUmVzZWFyY2g6Sm91cm5hbEFydGljbGVzOlZlZ2EyMDE3QW5hbHlzaXMucGRmAAAOACoAFABWAGUAZwBhADIAMAAxADcAQQBuAGEAbAB5AHMAaQBzAC4AcABkAGYADwAaAAwATQBhAGMAaQBuAHQAbwBzAGgAIABIAEQAEgBtVXNlcnMvYmVuZ29sZG1hbi9PbmVEcml2ZSAtIFdoaXRlIFBsYWlucyBQdWJsaWMgU2Nob29scy9TY2llbmNlIFJlc2VhcmNoL0pvdXJuYWxBcnRpY2xlcy9WZWdhMjAxN0FuYWx5c2lzLnBkZgAAEwABLwAAFQACABH//wAAAAgADQAaACQAiQAAAAAAAAIBAAAAAAAAAAUAAAAAAAAAAAAAAAAAAAJ5}}

@article{zheng2018response,
	author = {Zheng, Xiao-Tong and Hui, Chang and Yeh, Sang-Wook},
	date-added = {2020-04-20 12:50:33 -0400},
	date-modified = {2020-06-23 12:19:57 -0400},
	journal = {Climate Dynamics},
	number = {11-12},
	pages = {4019--4035},
	publisher = {Springer},
	read = {1},
	title = {Response of ENSO amplitude to global warming in CESM large ensemble: uncertainty due to internal variability},
	volume = {50},
	year = {2018},
	Bdsk-File-1 = {YnBsaXN0MDDSAQIDBFxyZWxhdGl2ZVBhdGhZYWxpYXNEYXRhXxBjLi4vLi4vT25lRHJpdmUgLSBXaGl0ZSBQbGFpbnMgUHVibGljIFNjaG9vbHMvU2NpZW5jZSBSZXNlYXJjaC9Kb3VybmFsQXJ0aWNsZXMvWmhlbmcyMDE3cmVzcG9uc2UucGRmTxEB7gAAAAAB7gACAAAMTWFjaW50b3NoIEhEAAAAAAAAAAAAAAAAAAAAAAAAAEJEAAH/////FVpoZW5nMjAxN3Jlc3BvbnNlLnBkZgAAAAAAAAAAAAAAAAAAAAAAAAAAAAAAAAAAAAAAAAAAAAAAAAAAAAAAAP////8AAAAAAAAAAAAAAAAAAgAEAAAKIGN1AAAAAAAAAAAAAAAAAA9Kb3VybmFsQXJ0aWNsZXMAAAIAcC86VXNlcnM6YmVuZ29sZG1hbjpPbmVEcml2ZSAtIFdoaXRlIFBsYWlucyBQdWJsaWMgU2Nob29sczpTY2llbmNlIFJlc2VhcmNoOkpvdXJuYWxBcnRpY2xlczpaaGVuZzIwMTdyZXNwb25zZS5wZGYADgAsABUAWgBoAGUAbgBnADIAMAAxADcAcgBlAHMAcABvAG4AcwBlAC4AcABkAGYADwAaAAwATQBhAGMAaQBuAHQAbwBzAGgAIABIAEQAEgBuVXNlcnMvYmVuZ29sZG1hbi9PbmVEcml2ZSAtIFdoaXRlIFBsYWlucyBQdWJsaWMgU2Nob29scy9TY2llbmNlIFJlc2VhcmNoL0pvdXJuYWxBcnRpY2xlcy9aaGVuZzIwMTdyZXNwb25zZS5wZGYAEwABLwAAFQACABH//wAAAAgADQAaACQAigAAAAAAAAIBAAAAAAAAAAUAAAAAAAAAAAAAAAAAAAJ8}}

@article{vecchi2006weakening,
	author = {Vecchi, Gabriel A and Soden, Brian J and Wittenberg, Andrew T and Held, Isaac M and Leetmaa, Ants and Harrison, Matthew J},
	date-added = {2020-04-20 12:47:59 -0400},
	date-modified = {2020-06-23 12:37:30 -0400},
	journal = {Nature},
	number = {7089},
	pages = {73--76},
	publisher = {Nature Publishing Group},
	read = {0},
	summer-to-print = {-},
	title = {Weakening of tropical Pacific atmospheric circulation due to anthropogenic forcing},
	volume = {441},
	year = {2006},
	Bdsk-File-1 = {YnBsaXN0MDDSAQIDBFxyZWxhdGl2ZVBhdGhZYWxpYXNEYXRhXxBlLi4vLi4vT25lRHJpdmUgLSBXaGl0ZSBQbGFpbnMgUHVibGljIFNjaG9vbHMvU2NpZW5jZSBSZXNlYXJjaC9Kb3VybmFsQXJ0aWNsZXMvVmVjY2hpMjAwNldlYWtlbmluZy5wZGZPEQH2AAAAAAH2AAIAAAxNYWNpbnRvc2ggSEQAAAAAAAAAAAAAAAAAAAAAAAAAQkQAAf////8XVmVjY2hpMjAwNldlYWtlbmluZy5wZGYAAAAAAAAAAAAAAAAAAAAAAAAAAAAAAAAAAAAAAAAAAAAAAAAAAAAA/////wAAAAAAAAAAAAAAAAACAAQAAAogY3UAAAAAAAAAAAAAAAAAD0pvdXJuYWxBcnRpY2xlcwAAAgByLzpVc2VyczpiZW5nb2xkbWFuOk9uZURyaXZlIC0gV2hpdGUgUGxhaW5zIFB1YmxpYyBTY2hvb2xzOlNjaWVuY2UgUmVzZWFyY2g6Sm91cm5hbEFydGljbGVzOlZlY2NoaTIwMDZXZWFrZW5pbmcucGRmAA4AMAAXAFYAZQBjAGMAaABpADIAMAAwADYAVwBlAGEAawBlAG4AaQBuAGcALgBwAGQAZgAPABoADABNAGEAYwBpAG4AdABvAHMAaAAgAEgARAASAHBVc2Vycy9iZW5nb2xkbWFuL09uZURyaXZlIC0gV2hpdGUgUGxhaW5zIFB1YmxpYyBTY2hvb2xzL1NjaWVuY2UgUmVzZWFyY2gvSm91cm5hbEFydGljbGVzL1ZlY2NoaTIwMDZXZWFrZW5pbmcucGRmABMAAS8AABUAAgAR//8AAAAIAA0AGgAkAIwAAAAAAAACAQAAAAAAAAAFAAAAAAAAAAAAAAAAAAAChg==}}

@article{kim2014response,
	author = {Kim, Seon Tae and Cai, Wenju and Jin, Fei-Fei and Santoso, Agus and Wu, Lixin and Guilyardi, Eric and An, Soon-Il},
	date-added = {2020-04-20 12:46:11 -0400},
	date-modified = {2020-08-27 13:05:13 -0400},
	journal = {Nature Climate Change},
	number = {9},
	pages = {786--790},
	publisher = {Nature Publishing Group},
	read = {-},
	summer-to-print = {1},
	title = {Response of El Ni{\~n}o sea surface temperature variability to greenhouse warming},
	volume = {4},
	year = {2014},
	Bdsk-File-1 = {YnBsaXN0MDDSAQIDBFxyZWxhdGl2ZVBhdGhZYWxpYXNEYXRhXxBhLi4vLi4vT25lRHJpdmUgLSBXaGl0ZSBQbGFpbnMgUHVibGljIFNjaG9vbHMvU2NpZW5jZSBSZXNlYXJjaC9Kb3VybmFsQXJ0aWNsZXMvS2ltMjAxNFJlc3BvbnNlLnBkZk8RAeYAAAAAAeYAAgAADE1hY2ludG9zaCBIRAAAAAAAAAAAAAAAAAAAAAAAAABCRAAB/////xNLaW0yMDE0UmVzcG9uc2UucGRmAAAAAAAAAAAAAAAAAAAAAAAAAAAAAAAAAAAAAAAAAAAAAAAAAAAAAAAAAAD/////AAAAAAAAAAAAAAAAAAIABAAACiBjdQAAAAAAAAAAAAAAAAAPSm91cm5hbEFydGljbGVzAAACAG4vOlVzZXJzOmJlbmdvbGRtYW46T25lRHJpdmUgLSBXaGl0ZSBQbGFpbnMgUHVibGljIFNjaG9vbHM6U2NpZW5jZSBSZXNlYXJjaDpKb3VybmFsQXJ0aWNsZXM6S2ltMjAxNFJlc3BvbnNlLnBkZgAOACgAEwBLAGkAbQAyADAAMQA0AFIAZQBzAHAAbwBuAHMAZQAuAHAAZABmAA8AGgAMAE0AYQBjAGkAbgB0AG8AcwBoACAASABEABIAbFVzZXJzL2JlbmdvbGRtYW4vT25lRHJpdmUgLSBXaGl0ZSBQbGFpbnMgUHVibGljIFNjaG9vbHMvU2NpZW5jZSBSZXNlYXJjaC9Kb3VybmFsQXJ0aWNsZXMvS2ltMjAxNFJlc3BvbnNlLnBkZgATAAEvAAAVAAIAEf//AAAACAANABoAJACIAAAAAAAAAgEAAAAAAAAABQAAAAAAAAAAAAAAAAAAAnI=}}

@article{graham2014effectiveness,
	author = {Graham, Felicity S. and Brown, Jaclyn N. and Langlais, Clothilde and Marsland, Simon J. and Wittenberg, Andrew T. and Holbrook, Neil J.},
	date-added = {2020-04-17 12:05:56 -0400},
	date-modified = {2020-08-27 12:33:26 -0400},
	doi = {10.1007/s00382-014-2062-3},
	issn = {1432-0894},
	journal = {Climate Dynamics},
	month = {Feb},
	number = {9-10},
	pages = {2399--2414},
	publisher = {Springer Science and Business Media LLC},
	read = {1},
	summer-to-print = {-},
	title = {Effectiveness of the Bjerknes stability index in representing ocean dynamics},
	url = {http://dx.doi.org/10.1007/s00382-014-2062-3},
	volume = {43},
	year = {2014},
	Bdsk-File-1 = {YnBsaXN0MDDSAQIDBFxyZWxhdGl2ZVBhdGhZYWxpYXNEYXRhXxBpLi4vLi4vT25lRHJpdmUgLSBXaGl0ZSBQbGFpbnMgUHVibGljIFNjaG9vbHMvU2NpZW5jZSBSZXNlYXJjaC9Kb3VybmFsQXJ0aWNsZXMvR3JhaGFtMjAxNEVmZmVjdGl2ZXRlc3MucGRmTxECBgAAAAACBgACAAAMTWFjaW50b3NoIEhEAAAAAAAAAAAAAAAAAAAAAAAAAEJEAAH/////G0dyYWhhbTIwMTRFZmZlY3RpdmV0ZXNzLnBkZgAAAAAAAAAAAAAAAAAAAAAAAAAAAAAAAAAAAAAAAAAAAAAAAP////8AAAAAAAAAAAAAAAAAAgAEAAAKIGN1AAAAAAAAAAAAAAAAAA9Kb3VybmFsQXJ0aWNsZXMAAAIAdi86VXNlcnM6YmVuZ29sZG1hbjpPbmVEcml2ZSAtIFdoaXRlIFBsYWlucyBQdWJsaWMgU2Nob29sczpTY2llbmNlIFJlc2VhcmNoOkpvdXJuYWxBcnRpY2xlczpHcmFoYW0yMDE0RWZmZWN0aXZldGVzcy5wZGYADgA4ABsARwByAGEAaABhAG0AMgAwADEANABFAGYAZgBlAGMAdABpAHYAZQB0AGUAcwBzAC4AcABkAGYADwAaAAwATQBhAGMAaQBuAHQAbwBzAGgAIABIAEQAEgB0VXNlcnMvYmVuZ29sZG1hbi9PbmVEcml2ZSAtIFdoaXRlIFBsYWlucyBQdWJsaWMgU2Nob29scy9TY2llbmNlIFJlc2VhcmNoL0pvdXJuYWxBcnRpY2xlcy9HcmFoYW0yMDE0RWZmZWN0aXZldGVzcy5wZGYAEwABLwAAFQACABH//wAAAAgADQAaACQAkAAAAAAAAAIBAAAAAAAAAAUAAAAAAAAAAAAAAAAAAAKa}}

@article{bjerknes1969atmospheric,
	author = {Bjerknes, Jacob},
	date-modified = {2020-07-02 15:55:37 -0400},
	journal = {Mon. Wea. Rev},
	number = {3},
	pages = {163--172},
	read = {-},
	summer-to-print = {-},
	title = {Atmospheric teleconnections from the equatorial Pacific},
	volume = {97},
	year = {1969},
	Bdsk-File-1 = {YnBsaXN0MDDSAQIDBFxyZWxhdGl2ZVBhdGhZYWxpYXNEYXRhXxBpLi4vLi4vT25lRHJpdmUgLSBXaGl0ZSBQbGFpbnMgUHVibGljIFNjaG9vbHMvU2NpZW5jZSBSZXNlYXJjaC9Kb3VybmFsQXJ0aWNsZXMvQmplcmtuZXMxOTY5QXRtb3NwaGVyaWMucGRmTxECBgAAAAACBgACAAAMTWFjaW50b3NoIEhEAAAAAAAAAAAAAAAAAAAAAAAAAEJEAAH/////G0JqZXJrbmVzMTk2OUF0bW9zcGhlcmljLnBkZgAAAAAAAAAAAAAAAAAAAAAAAAAAAAAAAAAAAAAAAAAAAAAAAP////8AAAAAAAAAAAAAAAAAAgAEAAAKIGN1AAAAAAAAAAAAAAAAAA9Kb3VybmFsQXJ0aWNsZXMAAAIAdi86VXNlcnM6YmVuZ29sZG1hbjpPbmVEcml2ZSAtIFdoaXRlIFBsYWlucyBQdWJsaWMgU2Nob29sczpTY2llbmNlIFJlc2VhcmNoOkpvdXJuYWxBcnRpY2xlczpCamVya25lczE5NjlBdG1vc3BoZXJpYy5wZGYADgA4ABsAQgBqAGUAcgBrAG4AZQBzADEAOQA2ADkAQQB0AG0AbwBzAHAAaABlAHIAaQBjAC4AcABkAGYADwAaAAwATQBhAGMAaQBuAHQAbwBzAGgAIABIAEQAEgB0VXNlcnMvYmVuZ29sZG1hbi9PbmVEcml2ZSAtIFdoaXRlIFBsYWlucyBQdWJsaWMgU2Nob29scy9TY2llbmNlIFJlc2VhcmNoL0pvdXJuYWxBcnRpY2xlcy9CamVya25lczE5NjlBdG1vc3BoZXJpYy5wZGYAEwABLwAAFQACABH//wAAAAgADQAaACQAkAAAAAAAAAIBAAAAAAAAAAUAAAAAAAAAAAAAAAAAAAKa}}

@article{jia2019weakening,
	author = {Jia, Fan and Cai, Wenju and Wu, Lixin and Gan, Bolan and Wang, Guojian and Kucharski, Fred and Chang, Ping and Keenlyside, Noel},
	date-modified = {2020-07-02 15:55:25 -0400},
	journal = {Science advances},
	number = {8},
	pages = {eaax4111},
	publisher = {American Association for the Advancement of Science},
	read = {1},
	title = {Weakening Atlantic Ni{\~n}o--Pacific connection under greenhouse warming},
	volume = {5},
	year = {2019},
	Bdsk-File-1 = {YnBsaXN0MDDSAQIDBFxyZWxhdGl2ZVBhdGhZYWxpYXNEYXRhXxBiLi4vLi4vT25lRHJpdmUgLSBXaGl0ZSBQbGFpbnMgUHVibGljIFNjaG9vbHMvU2NpZW5jZSBSZXNlYXJjaC9Kb3VybmFsQXJ0aWNsZXMvSmlhMjAxOVdlYWtlbmluZy5wZGZPEQHsAAAAAAHsAAIAAAxNYWNpbnRvc2ggSEQAAAAAAAAAAAAAAAAAAAAAAAAAQkQAAf////8USmlhMjAxOVdlYWtlbmluZy5wZGYAAAAAAAAAAAAAAAAAAAAAAAAAAAAAAAAAAAAAAAAAAAAAAAAAAAAAAAAA/////wAAAAAAAAAAAAAAAAACAAQAAAogY3UAAAAAAAAAAAAAAAAAD0pvdXJuYWxBcnRpY2xlcwAAAgBvLzpVc2VyczpiZW5nb2xkbWFuOk9uZURyaXZlIC0gV2hpdGUgUGxhaW5zIFB1YmxpYyBTY2hvb2xzOlNjaWVuY2UgUmVzZWFyY2g6Sm91cm5hbEFydGljbGVzOkppYTIwMTlXZWFrZW5pbmcucGRmAAAOACoAFABKAGkAYQAyADAAMQA5AFcAZQBhAGsAZQBuAGkAbgBnAC4AcABkAGYADwAaAAwATQBhAGMAaQBuAHQAbwBzAGgAIABIAEQAEgBtVXNlcnMvYmVuZ29sZG1hbi9PbmVEcml2ZSAtIFdoaXRlIFBsYWlucyBQdWJsaWMgU2Nob29scy9TY2llbmNlIFJlc2VhcmNoL0pvdXJuYWxBcnRpY2xlcy9KaWEyMDE5V2Vha2VuaW5nLnBkZgAAEwABLwAAFQACABH//wAAAAgADQAaACQAiQAAAAAAAAIBAAAAAAAAAAUAAAAAAAAAAAAAAAAAAAJ5}}

@article{emile2007nino,
	author = {Emile-Geay, Julien and Cane, Mark and Seager, Richard and Kaplan, Alexey and Almasi, Peter},
	date-modified = {2020-06-23 12:16:36 -0400},
	journal = {Paleoceanography},
	number = {3},
	publisher = {Wiley Online Library},
	read = {1},
	title = {El Ni{\~n}o as a mediator of the solar influence on climate},
	volume = {22},
	year = {2007},
	Bdsk-File-1 = {YnBsaXN0MDDSAQIDBFxyZWxhdGl2ZVBhdGhZYWxpYXNEYXRhXxBfLi4vLi4vT25lRHJpdmUgLSBXaGl0ZSBQbGFpbnMgUHVibGljIFNjaG9vbHMvU2NpZW5jZSBSZXNlYXJjaC9Kb3VybmFsQXJ0aWNsZXMvRW1pbGUyMDA3Tmluby5wZGZPEQHeAAAAAAHeAAIAAAxNYWNpbnRvc2ggSEQAAAAAAAAAAAAAAAAAAAAAAAAAQkQAAf////8RRW1pbGUyMDA3Tmluby5wZGYAAAAAAAAAAAAAAAAAAAAAAAAAAAAAAAAAAAAAAAAAAAAAAAAAAAAAAAAAAAAA/////wAAAAAAAAAAAAAAAAACAAQAAAogY3UAAAAAAAAAAAAAAAAAD0pvdXJuYWxBcnRpY2xlcwAAAgBsLzpVc2VyczpiZW5nb2xkbWFuOk9uZURyaXZlIC0gV2hpdGUgUGxhaW5zIFB1YmxpYyBTY2hvb2xzOlNjaWVuY2UgUmVzZWFyY2g6Sm91cm5hbEFydGljbGVzOkVtaWxlMjAwN05pbm8ucGRmAA4AJAARAEUAbQBpAGwAZQAyADAAMAA3AE4AaQBuAG8ALgBwAGQAZgAPABoADABNAGEAYwBpAG4AdABvAHMAaAAgAEgARAASAGpVc2Vycy9iZW5nb2xkbWFuL09uZURyaXZlIC0gV2hpdGUgUGxhaW5zIFB1YmxpYyBTY2hvb2xzL1NjaWVuY2UgUmVzZWFyY2gvSm91cm5hbEFydGljbGVzL0VtaWxlMjAwN05pbm8ucGRmABMAAS8AABUAAgAR//8AAAAIAA0AGgAkAIYAAAAAAAACAQAAAAAAAAAFAAAAAAAAAAAAAAAAAAACaA==}}

@article{stevenson2019forced,
	author = {Stevenson, Samantha and Capotondi, Antonietta and Fasullo, John and Otto-Bliesner, Bette},
	date-modified = {2020-06-23 12:17:51 -0400},
	journal = {Climate Dynamics},
	number = {12},
	pages = {7359--7374},
	publisher = {Springer},
	read = {1},
	title = {Forced changes to twentieth century ENSO diversity in a last Millennium context},
	volume = {52},
	year = {2019},
	Bdsk-File-1 = {YnBsaXN0MDDSAQIDBFxyZWxhdGl2ZVBhdGhZYWxpYXNEYXRhXxBlLi4vLi4vT25lRHJpdmUgLSBXaGl0ZSBQbGFpbnMgUHVibGljIFNjaG9vbHMvU2NpZW5jZSBSZXNlYXJjaC9Kb3VybmFsQXJ0aWNsZXMvU3RldmVuc29uMjAxN0ZvcmNlZC5wZGZPEQH2AAAAAAH2AAIAAAxNYWNpbnRvc2ggSEQAAAAAAAAAAAAAAAAAAAAAAAAAQkQAAf////8XU3RldmVuc29uMjAxN0ZvcmNlZC5wZGYAAAAAAAAAAAAAAAAAAAAAAAAAAAAAAAAAAAAAAAAAAAAAAAAAAAAA/////wAAAAAAAAAAAAAAAAACAAQAAAogY3UAAAAAAAAAAAAAAAAAD0pvdXJuYWxBcnRpY2xlcwAAAgByLzpVc2VyczpiZW5nb2xkbWFuOk9uZURyaXZlIC0gV2hpdGUgUGxhaW5zIFB1YmxpYyBTY2hvb2xzOlNjaWVuY2UgUmVzZWFyY2g6Sm91cm5hbEFydGljbGVzOlN0ZXZlbnNvbjIwMTdGb3JjZWQucGRmAA4AMAAXAFMAdABlAHYAZQBuAHMAbwBuADIAMAAxADcARgBvAHIAYwBlAGQALgBwAGQAZgAPABoADABNAGEAYwBpAG4AdABvAHMAaAAgAEgARAASAHBVc2Vycy9iZW5nb2xkbWFuL09uZURyaXZlIC0gV2hpdGUgUGxhaW5zIFB1YmxpYyBTY2hvb2xzL1NjaWVuY2UgUmVzZWFyY2gvSm91cm5hbEFydGljbGVzL1N0ZXZlbnNvbjIwMTdGb3JjZWQucGRmABMAAS8AABUAAgAR//8AAAAIAA0AGgAkAIwAAAAAAAACAQAAAAAAAAAFAAAAAAAAAAAAAAAAAAAChg==}}

@article{levine2017impact,
	author = {Levine, Aaron FZ and McPhaden, Michael J and Frierson, Dargan MW},
	date-modified = {2020-06-23 12:17:11 -0400},
	journal = {Geophysical Research Letters},
	number = {8},
	pages = {3877--3886},
	publisher = {Wiley Online Library},
	read = {1},
	title = {The impact of the AMO on multidecadal ENSO variability},
	volume = {44},
	year = {2017},
	Bdsk-File-1 = {YnBsaXN0MDDSAQIDBFxyZWxhdGl2ZVBhdGhZYWxpYXNEYXRhXxBiLi4vLi4vT25lRHJpdmUgLSBXaGl0ZSBQbGFpbnMgUHVibGljIFNjaG9vbHMvU2NpZW5jZSBSZXNlYXJjaC9Kb3VybmFsQXJ0aWNsZXMvTGV2aW5lMjAxN0ltcGFjdC5wZGZPEQHsAAAAAAHsAAIAAAxNYWNpbnRvc2ggSEQAAAAAAAAAAAAAAAAAAAAAAAAAQkQAAf////8UTGV2aW5lMjAxN0ltcGFjdC5wZGYAAAAAAAAAAAAAAAAAAAAAAAAAAAAAAAAAAAAAAAAAAAAAAAAAAAAAAAAA/////wAAAAAAAAAAAAAAAAACAAQAAAogY3UAAAAAAAAAAAAAAAAAD0pvdXJuYWxBcnRpY2xlcwAAAgBvLzpVc2VyczpiZW5nb2xkbWFuOk9uZURyaXZlIC0gV2hpdGUgUGxhaW5zIFB1YmxpYyBTY2hvb2xzOlNjaWVuY2UgUmVzZWFyY2g6Sm91cm5hbEFydGljbGVzOkxldmluZTIwMTdJbXBhY3QucGRmAAAOACoAFABMAGUAdgBpAG4AZQAyADAAMQA3AEkAbQBwAGEAYwB0AC4AcABkAGYADwAaAAwATQBhAGMAaQBuAHQAbwBzAGgAIABIAEQAEgBtVXNlcnMvYmVuZ29sZG1hbi9PbmVEcml2ZSAtIFdoaXRlIFBsYWlucyBQdWJsaWMgU2Nob29scy9TY2llbmNlIFJlc2VhcmNoL0pvdXJuYWxBcnRpY2xlcy9MZXZpbmUyMDE3SW1wYWN0LnBkZgAAEwABLwAAFQACABH//wAAAAgADQAaACQAiQAAAAAAAAIBAAAAAAAAAAUAAAAAAAAAAAAAAAAAAAJ5}}

@article{nowack2017role,
	author = {Nowack, Peer J and Braesicke, Peter and Luke Abraham, N and Pyle, John A},
	date-modified = {2020-06-23 12:17:29 -0400},
	journal = {Geophysical research letters},
	number = {8},
	pages = {3858--3866},
	publisher = {Wiley Online Library},
	read = {1},
	title = {On the role of ozone feedback in the ENSO amplitude response under global warming},
	volume = {44},
	year = {2017},
	Bdsk-File-1 = {YnBsaXN0MDDSAQIDBFxyZWxhdGl2ZVBhdGhZYWxpYXNEYXRhXxBfLi4vLi4vT25lRHJpdmUgLSBXaGl0ZSBQbGFpbnMgUHVibGljIFNjaG9vbHMvU2NpZW5jZSBSZXNlYXJjaC9Kb3VybmFsQXJ0aWNsZXMvTm93YWsyMDE3Um9sZS5wZGZPEQHeAAAAAAHeAAIAAAxNYWNpbnRvc2ggSEQAAAAAAAAAAAAAAAAAAAAAAAAAQkQAAf////8RTm93YWsyMDE3Um9sZS5wZGYAAAAAAAAAAAAAAAAAAAAAAAAAAAAAAAAAAAAAAAAAAAAAAAAAAAAAAAAAAAAA/////wAAAAAAAAAAAAAAAAACAAQAAAogY3UAAAAAAAAAAAAAAAAAD0pvdXJuYWxBcnRpY2xlcwAAAgBsLzpVc2VyczpiZW5nb2xkbWFuOk9uZURyaXZlIC0gV2hpdGUgUGxhaW5zIFB1YmxpYyBTY2hvb2xzOlNjaWVuY2UgUmVzZWFyY2g6Sm91cm5hbEFydGljbGVzOk5vd2FrMjAxN1JvbGUucGRmAA4AJAARAE4AbwB3AGEAawAyADAAMQA3AFIAbwBsAGUALgBwAGQAZgAPABoADABNAGEAYwBpAG4AdABvAHMAaAAgAEgARAASAGpVc2Vycy9iZW5nb2xkbWFuL09uZURyaXZlIC0gV2hpdGUgUGxhaW5zIFB1YmxpYyBTY2hvb2xzL1NjaWVuY2UgUmVzZWFyY2gvSm91cm5hbEFydGljbGVzL05vd2FrMjAxN1JvbGUucGRmABMAAS8AABUAAgAR//8AAAAIAA0AGgAkAIYAAAAAAAACAQAAAAAAAAAFAAAAAAAAAAAAAAAAAAACaA==}}

@article{zhu2017reduced,
	author = {Zhu, Jiang and Liu, Zhengyu and Brady, Esther and Otto-Bliesner, Bette and Zhang, Jiaxu and Noone, David and Tomas, Robert and Nusbaumer, Jesse and Wong, Tony and Jahn, Alexandra and others},
	date-modified = {2020-06-23 12:19:49 -0400},
	journal = {Geophysical Research Letters},
	number = {13},
	pages = {6984--6992},
	publisher = {Wiley Online Library},
	read = {1},
	title = {Reduced ENSO variability at the LGM revealed by an isotope-enabled Earth system model},
	volume = {44},
	year = {2017},
	Bdsk-File-1 = {YnBsaXN0MDDSAQIDBFxyZWxhdGl2ZVBhdGhZYWxpYXNEYXRhXxBgLi4vLi4vT25lRHJpdmUgLSBXaGl0ZSBQbGFpbnMgUHVibGljIFNjaG9vbHMvU2NpZW5jZSBSZXNlYXJjaC9Kb3VybmFsQXJ0aWNsZXMvWmh1MjAxN1JlZHVjZWQucGRmTxEB5AAAAAAB5AACAAAMTWFjaW50b3NoIEhEAAAAAAAAAAAAAAAAAAAAAAAAAEJEAAH/////ElpodTIwMTdSZWR1Y2VkLnBkZgAAAAAAAAAAAAAAAAAAAAAAAAAAAAAAAAAAAAAAAAAAAAAAAAAAAAAAAAAAAP////8AAAAAAAAAAAAAAAAAAgAEAAAKIGN1AAAAAAAAAAAAAAAAAA9Kb3VybmFsQXJ0aWNsZXMAAAIAbS86VXNlcnM6YmVuZ29sZG1hbjpPbmVEcml2ZSAtIFdoaXRlIFBsYWlucyBQdWJsaWMgU2Nob29sczpTY2llbmNlIFJlc2VhcmNoOkpvdXJuYWxBcnRpY2xlczpaaHUyMDE3UmVkdWNlZC5wZGYAAA4AJgASAFoAaAB1ADIAMAAxADcAUgBlAGQAdQBjAGUAZAAuAHAAZABmAA8AGgAMAE0AYQBjAGkAbgB0AG8AcwBoACAASABEABIAa1VzZXJzL2JlbmdvbGRtYW4vT25lRHJpdmUgLSBXaGl0ZSBQbGFpbnMgUHVibGljIFNjaG9vbHMvU2NpZW5jZSBSZXNlYXJjaC9Kb3VybmFsQXJ0aWNsZXMvWmh1MjAxN1JlZHVjZWQucGRmAAATAAEvAAAVAAIAEf//AAAACAANABoAJACHAAAAAAAAAgEAAAAAAAAABQAAAAAAAAAAAAAAAAAAAm8=}}

@article{liu2007atmospheric,
	author = {Liu, Zhengyu and Alexander, Mike},
	journal = {Reviews of Geophysics},
	number = {2},
	publisher = {Wiley Online Library},
	title = {Atmospheric bridge, oceanic tunnel, and global climatic teleconnections},
	volume = {45},
	year = {2007},
	Bdsk-File-1 = {YnBsaXN0MDDSAQIDBFxyZWxhdGl2ZVBhdGhZYWxpYXNEYXRhXxBkLi4vLi4vT25lRHJpdmUgLSBXaGl0ZSBQbGFpbnMgUHVibGljIFNjaG9vbHMvU2NpZW5jZSBSZXNlYXJjaC9Kb3VybmFsQXJ0aWNsZXMvTGl1MjAwN0F0bW9zcGhlcmljLnBkZk8RAfQAAAAAAfQAAgAADE1hY2ludG9zaCBIRAAAAAAAAAAAAAAAAAAAAAAAAABCRAAB/////xZMaXUyMDA3QXRtb3NwaGVyaWMucGRmAAAAAAAAAAAAAAAAAAAAAAAAAAAAAAAAAAAAAAAAAAAAAAAAAAAAAAD/////AAAAAAAAAAAAAAAAAAIABAAACiBjdQAAAAAAAAAAAAAAAAAPSm91cm5hbEFydGljbGVzAAACAHEvOlVzZXJzOmJlbmdvbGRtYW46T25lRHJpdmUgLSBXaGl0ZSBQbGFpbnMgUHVibGljIFNjaG9vbHM6U2NpZW5jZSBSZXNlYXJjaDpKb3VybmFsQXJ0aWNsZXM6TGl1MjAwN0F0bW9zcGhlcmljLnBkZgAADgAuABYATABpAHUAMgAwADAANwBBAHQAbQBvAHMAcABoAGUAcgBpAGMALgBwAGQAZgAPABoADABNAGEAYwBpAG4AdABvAHMAaAAgAEgARAASAG9Vc2Vycy9iZW5nb2xkbWFuL09uZURyaXZlIC0gV2hpdGUgUGxhaW5zIFB1YmxpYyBTY2hvb2xzL1NjaWVuY2UgUmVzZWFyY2gvSm91cm5hbEFydGljbGVzL0xpdTIwMDdBdG1vc3BoZXJpYy5wZGYAABMAAS8AABUAAgAR//8AAAAIAA0AGgAkAIsAAAAAAAACAQAAAAAAAAAFAAAAAAAAAAAAAAAAAAACgw==}}
