%% This BibTeX bibliography file was created using BibDesk.
%% https://bibdesk.sourceforge.io/

%% Created for Ben Goldman at 2021-06-18 09:35:22 -0400 


%% Saved with string encoding Unicode (UTF-8) 



@article{Boer_2000,
	author = {Boer, G. J. and Flato, G. and Ramsden, D.},
	date-modified = {2021-06-18 09:35:17 -0400},
	issn = {1432-0894},
	journal = {Climate Dynamics},
	month = {Jun},
	number = 6,
	pages = {427--450},
	publisher = {Springer Science and Business Media LLC},
	title = {A transient climate change simulation with greenhouse gas and aerosol forcing: projected climate to the twenty-first century},
	volume = 16,
	year = 2000,
	Bdsk-Url-1 = {http://dx.doi.org/10.1007/s003820050338}}

@article{BJERKNES_1969,
	author = {BJERKNES, J.},
	date-modified = {2021-06-18 09:35:17 -0400},
	issn = {1520-0493},
	journal = {Monthly Weather Review},
	month = {Mar},
	number = 3,
	pages = {163--172},
	publisher = {American Meteorological Society},
	title = {Atmospheric Teleconnections From the Equatorial Pacific},
	volume = 97,
	year = 1969,
	Bdsk-Url-1 = {http://dx.doi.org/10.1175/1520-0493(1969)097%3C0163:atftep%3E2.3.co;2}}

@article{An_2017,
	author = {An, Soon-Il and Heo, Eun Sook and Kim, Seon Tae},
	date-modified = {2021-06-18 09:35:17 -0400},
	issn = {0094-8276},
	journal = {Geophysical Research Letters},
	month = {May},
	number = 9,
	pages = {4272--4279},
	publisher = {American Geophysical Union (AGU)},
	title = {Feedback process responsible for intermodel diversity of ENSO variability},
	volume = 44,
	year = 2017,
	Bdsk-Url-1 = {http://dx.doi.org/10.1002/2017gl073203}}

@article{Deser_2020,
	author = {Deser, Clara and Phillips, Adam S. and Simpson, Isla R. and Rosenbloom, Nan and Coleman, Dani and Lehner, Flavio and Pendergrass, Angeline G. and DiNezio, Pedro and Stevenson, Samantha},
	date-modified = {2021-06-18 09:35:17 -0400},
	issn = {1520-0442},
	journal = {Journal of Climate},
	month = {Sep},
	number = 18,
	pages = {7835--7858},
	publisher = {American Meteorological Society},
	title = {Isolating the Evolving Contributions of Anthropogenic Aerosols and Greenhouse Gases: A New CESM1 Large Ensemble Community Resource},
	volume = 33,
	year = 2020,
	Bdsk-Url-1 = {http://dx.doi.org/10.1175/jcli-d-20-0123.1}}
