                  %% My bibliography!


                  @Article{an2017feedback,
                  author       = {An, Soon-Il and Heo, Eun Sook and Kim, Seon Tae},
                  title        = {Feedback process responsible for intermodel diversity of ENSO variability},
                  year         = 2017,
                  volume       = 44,
                  number       = 9,
                  month        = {May},
                  pages        = {4272–4279},
                  issn         = {0094-8276},
                  doi          = {10.1002/2017gl073203},
                  url          = {http://dx.doi.org/10.1002/2017gl073203},
                  journal      = {Geophysical Research Letters},
                  publisher    = {American Geophysical Union (AGU)}
                  }

                  @Article{bjerknes1969atmospheric,
                  author       = {Bjerknes, J.},
                  title        = {Atmospheric Teleconnections From the Equatorial Pacific},
                  year         = 1969,
                  volume       = 97,
                  number       = 3,
                  month        = {Mar},
                  pages        = {163–172},
                  issn         = {1520-0493},
                  doi          = {10.1175/1520-0493(1969)097<0163:atftep>2.3.co;2},
                  url          = {http://dx.doi.org/10.1175/1520-0493(1969)097<0163:atftep>2.3.co;2},
                  journal      = {Monthly Weather Review},
                  publisher    = {American Meteorological Society}
                  }

                  @Article{boer2000transient,
                  author       = {Boer, G. J. and Flato, G. and Ramsden, D.},
                  title        = {A transient climate change simulation with greenhouse gas and aerosol forcing: projected climate to the twenty-first century},
                  year         = 2000,
                  volume       = 16,
                  number       = 6,
                  month        = {Jun},
                  pages        = {427–450},
                  issn         = {1432-0894},
                  doi          = {10.1007/s003820050338},
                  url          = {http://dx.doi.org/10.1007/s003820050338},
                  journal      = {Climate Dynamics},
                  publisher    = {Springer Science and Business Media LLC}
                  }

                  @Article{cai2018increased,
                  author       = {Cai, Wenju and Wang, Guojian and Dewitte, Boris and Wu, Lixin and Santoso, Agus and Takahashi, Ken and Yang, Yun and Carréric, Aude and McPhaden, Michael J.},
                  title        = {Increased variability of eastern Pacific El Niño under greenhouse warming},
                  year         = 2018,
                  volume       = 564,
                  number       = 7735,
                  month        = {Dec},
                  pages        = {201–206},
                  issn         = {1476-4687},
                  doi          = {10.1038/s41586-018-0776-9},
                  url          = {http://dx.doi.org/10.1038/s41586-018-0776-9},
                  journal      = {Nature},
                  publisher    = {Springer Science and Business Media LLC}
                  }

                  @article{chen2015causes,
                  doi = {10.1175/jcli-d-14-00439.1},
                  url = {https://doi.org/10.1175%2Fjcli-d-14-00439.1},
                  year = 2015,
                  month = {apr},
                  publisher = {American Meteorological Society},
                  volume = {28},
                  number = {8},
                  pages = {3250--3274},
                  author = {Lin Chen and Tim Li and Yongqiang Yu},
                  title = {Causes of Strengthening and Weakening of {ENSO} Amplitude under Global Warming in Four {CMIP}5 Models{\ast}},
                  journal = {Journal of Climate}
                  }

                  @article{chen2017possible,
                  doi = {10.1007/s00382-017-3544-x},
                  url = {https://doi.org/10.1007%2Fs00382-017-3544-x},
                  year = 2017,
                  month = {feb},
                  publisher = {Springer Science and Business Media {LLC}},
                  volume = {49},
                  number = {11-12},
                  pages = {3799--3811},
                  author = {Lin Chen and Tim Li and Yongqiang Yu and Swadhin K. Behera},
                  title = {A possible explanation for the divergent projection of {ENSO} amplitude change under global warming},
                  journal = {Climate Dynamics}
                  }

                  @article{deser2020isolating,
                  doi = {10.1175/jcli-d-20-0123.1},
                  url = {https://doi.org/10.1175%2Fjcli-d-20-0123.1},
                  year = 2020,
                  month = {sep},
                  publisher = {American Meteorological Society},
                  volume = {33},
                  number = {18},
                  pages = {7835--7858},
                  author = {Clara Deser and Adam S. Phillips and Isla R. Simpson and Nan Rosenbloom and Dani Coleman and Flavio Lehner and Angeline G. Pendergrass and Pedro DiNezio and Samantha Stevenson},
                  title = {Isolating the Evolving Contributions of Anthropogenic Aerosols and Greenhouse Gases: A New {CESM}1 Large Ensemble Community Resource},
                  journal = {Journal of Climate}
                  }

                  @article{dewitte2012reinterpreting,
                  doi = {10.1007/s00382-012-1504-z},
                  url = {https://doi.org/10.1007%2Fs00382-012-1504-z},
                  year = 2012,
                  month = {sep},
                  publisher = {Springer Science and Business Media {LLC}},
                  volume = {41},
                  number = {3-4},
                  pages = {819--830},
                  author = {Boris Dewitte and Sang-Wook Yeh and Sulian Thual},
                  title = {Reinterpreting the thermocline feedback in the western-central equatorial Pacific and its relationship with the {ENSO} modulation},
                  journal = {Climate Dynamics}
                  }

                  @article{emile2007nino,
                  doi = {10.1029/2006pa001304},
                  url = {https://doi.org/10.1029%2F2006pa001304},
                  year = 2007,
                  month = {aug},
                  publisher = {American Geophysical Union ({AGU})},
                  volume = {22},
                  number = {3},
                  pages = {n/a--n/a},
                  author = {Julien Emile-Geay and Mark Cane and Richard Seager and Alexey Kaplan and Peter Almasi},
                  title = {El Ni{\~{n}}o as a mediator of the solar influence on climate},
                  journal = {Paleoceanography}
                  }

                  @article{graham2014effectiveness,
                  doi = {10.1007/s00382-014-2062-3},
                  url = {https://doi.org/10.1007%2Fs00382-014-2062-3},
                  year = 2014,
                  month = {feb},
                  publisher = {Springer Science and Business Media {LLC}},
                  volume = {43},
                  number = {9-10},
                  pages = {2399--2414},
                  author = {Felicity S. Graham and Jaclyn N. Brown and Clothilde Langlais and Simon J. Marsland and Andrew T. Wittenberg and Neil J. Holbrook},
                  title = {Effectiveness of the Bjerknes stability index in representing ocean dynamics},
                  journal = {Climate Dynamics}
                  }

                  @article{gistemp2019giss,
                  title={GISS surface temperature analysis (GISTEMP), version 4},
                  author={GISTEMP Team and others},
                  journal={NASA Goddard Institute for Space Studies},
                  year={2019},
                  publisher={2020-12-10)[2020-12-10]. https://data. giss. nasa. gov/gistemp}
                  }

                  @article{hu2018cross,
                  doi = {10.1038/s41558-018-0248-0},
                  url = {https://doi.org/10.1038%2Fs41558-018-0248-0},
                  year = 2018,
                  month = {aug},
                  publisher = {Springer Science and Business Media {LLC}},
                  volume = {8},
                  number = {9},
                  pages = {798--802},
                  author = {Shineng Hu and Alexey V. Fedorov},
                  title = {Cross-equatorial winds control El Ni{\~{n}}o diversity and change},
                  journal = {Nature Climate Change}
                  }

                  @article{jia2019weakening,
                  doi = {10.1126/sciadv.aax4111},
                  url = {https://doi.org/10.1126%2Fsciadv.aax4111},
                  year = 2019,
                  month = {aug},
                  publisher = {American Association for the Advancement of Science ({AAAS})},
                  volume = {5},
                  number = {8},
                  pages = {eaax4111},
                  author = {Fan Jia and Wenju Cai and Lixin Wu and Bolan Gan and Guojian Wang and Fred Kucharski and Ping Chang and Noel Keenlyside},
                  title = {Weakening Atlantic Ni{\~{n}}o{\textendash}Pacific connection under greenhouse warming},
                  journal = {Science Advances}
                  }

                  @article{jimenez2016record,
                  doi = {10.1038/srep33130},
                  url = {https://doi.org/10.1038%2Fsrep33130},
                  year = 2016,
                  month = {sep},
                  publisher = {Springer Science and Business Media {LLC}},
                  volume = {6},
                  number = {1},
                  author = {Juan C. Jim{\'{e}}nez-Mu{\~{n}}oz and Cristian Mattar and Jonathan Barichivich and Andr{\'{e}}s Santamar{\'{\i}}a-Artigas and Ken Takahashi and Yadvinder Malhi and Jos{\'{e}} A. Sobrino and Gerard van der Schrier},
                  title = {Record-breaking warming and extreme drought in the Amazon rainforest during the course of El Ni{\~{n}}o 2015{\textendash}2016},
                  journal = {Scientific Reports}
                  }

                  @article{kay2015community,
                  doi = {10.1175/bams-d-13-00255.1},
                  url = {https://doi.org/10.1175%2Fbams-d-13-00255.1},
                  year = 2015,
                  month = {aug},
                  publisher = {American Meteorological Society},
                  volume = {96},
                  number = {8},
                  pages = {1333--1349},
                  author = {J. E. Kay and C. Deser and A. Phillips and A. Mai and C. Hannay and G. Strand and J. M. Arblaster and S. C. Bates and G. Danabasoglu and J. Edwards and M. Holland and P. Kushner and J.-F. Lamarque and D. Lawrence and K. Lindsay and A. Middleton and E. Munoz and R. Neale and K. Oleson and L. Polvani and M. Vertenstein},
                  title = {The Community Earth System Model ({CESM}) Large Ensemble Project: A Community Resource for Studying Climate Change in the Presence of Internal Climate Variability},
                  journal = {Bulletin of the American Meteorological Society}
                  }

                  @article{kestin1998time,
                  title={Time--frequency variability of ENSO and stochastic simulations},
                  author={Kestin, Tahl S and Karoly, David J and Yano, Jun-Ichi and Rayner, Nicola A},
                  journal={Journal of Climate},
                  volume={11},
                  number={9},
                  pages={2258--2272},
                  year={1998}
                  }

                  @article{kiladis2009convectively,
                  doi = {10.1029/2008rg000266},
                  url = {https://doi.org/10.1029%2F2008rg000266},
                  year = 2009,
                  month = {apr},
                  publisher = {American Geophysical Union ({AGU})},
                  volume = {47},
                  number = {2},
                  author = {George N. Kiladis and Matthew C. Wheeler and Patrick T. Haertel and Katherine H. Straub and Paul E. Roundy},
                  title = {Convectively coupled equatorial waves},
                  journal = {Reviews of Geophysics}
                  }

                  @article{kim2014response,
                  doi = {10.1038/nclimate2326},
                  url = {https://doi.org/10.1038%2Fnclimate2326},
                  year = 2014,
                  month = {aug},
                  publisher = {Springer Science and Business Media {LLC}},
                  volume = {4},
                  number = {9},
                  pages = {786--790},
                  author = {Seon Tae Kim and Wenju Cai and Fei-Fei Jin and Agus Santoso and Lixin Wu and Eric Guilyardi and Soon-Il An},
                  title = {Response of El Ni{\~{n}}o sea surface temperature variability to greenhouse warming},
                  journal = {Nature Climate Change}
                  }

                  @article{kohyama2018weakening,
                  doi = {10.1029/2018gl079085},
                  url = {https://doi.org/10.1029%2F2018gl079085},
                  year = 2018,
                  month = {aug},
                  publisher = {American Geophysical Union ({AGU})},
                  volume = {45},
                  number = {16},
                  pages = {8557--8567},
                  author = {Tsubasa Kohyama and Dennis L. Hartmann and David S. Battisti},
                  title = {Weakening of Nonlinear {ENSO} Under Global Warming},
                  journal = {Geophysical Research Letters}
                  }

                  @article{lenssen2019improvements,
                    title={Improvements in the GISTEMP uncertainty model},
                    author={Lenssen, Nathan JL and Schmidt, Gavin A and Hansen, James E and Menne, Matthew J and Persin, Avraham and Ruedy, Reto and Zyss, Daniel},
                    journal={Journal of Geophysical Research: Atmospheres},
                    volume={124},
                    number={12},
                    pages={6307--6326},
                    year={2019},
                    publisher={Wiley Online Library}
                  }

                  @article{levine2017impact,
                  doi = {10.1002/2017gl072524},
                  url = {https://doi.org/10.1002%2F2017gl072524},
                  year = 2017,
                  month = {apr},
                  publisher = {American Geophysical Union ({AGU})},
                  volume = {44},
                  number = {8},
                  pages = {3877--3886},
                  author = {Aaron F. Z. Levine and Michael J. McPhaden and Dargan M. W. Frierson},
                  title = {The impact of the {AMO} on multidecadal {ENSO} variability},
                  journal = {Geophysical Research Letters}
                  }

                  @article{lorenz1963deterministic,
                  title={Deterministic nonperiodic flow},
                  author={Lorenz, Edward N},
                  journal={Journal of atmospheric sciences},
                  volume={20},
                  number={2},
                  pages={130--141},
                  year={1963}
                  }

                  @article{liu2007atmospheric,
                  doi = {10.1029/2005rg000172},
                  url = {https://doi.org/10.1029%2F2005rg000172},
                  year = 2007,
                  month = {jun},
                  publisher = {American Geophysical Union ({AGU})},
                  volume = {45},
                  number = {2},
                  author = {Zhengyu Liu and Mike Alexander},
                  title = {Atmospheric bridge, oceanic tunnel, and global climatic teleconnections},
                  journal = {Reviews of Geophysics}
                  }

                  @article{lubbecke2014assessing,
                  doi = {10.1175/jcli-d-13-00438.1},
                  url = {https://doi.org/10.1175%2Fjcli-d-13-00438.1},
                  year = 2014,
                  month = {mar},
                  publisher = {American Meteorological Society},
                  volume = {27},
                  number = {7},
                  pages = {2577--2587},
                  author = {Joke F. Lübbecke and Michael J. McPhaden},
                  title = {Assessing the Twenty-First-Century Shift in {ENSO} Variability in Terms of the Bjerknes Stability Index{\ast}},
                  journal = {Journal of Climate}
                  }

                  @article{maher2018enso,
                  doi = {10.1029/2018gl079764},
                  url = {https://doi.org/10.1029%2F2018gl079764},
                  year = 2018,
                  month = {oct},
                  publisher = {American Geophysical Union ({AGU})},
                  volume = {45},
                  number = {20},
                  author = {N. Maher and D. Matei and S. Milinski and J. Marotzke},
                  title = {{ENSO} Change in Climate Projections: Forced Response or Internal Variability?},
                  journal = {Geophysical Research Letters}
                  }

                  @article{nowack2017role,
                  doi = {10.1002/2016gl072418},
                  url = {https://doi.org/10.1002%2F2016gl072418},
                  year = 2017,
                  month = {apr},
                  publisher = {American Geophysical Union ({AGU})},
                  volume = {44},
                  number = {8},
                  pages = {3858--3866},
                  author = {Peer J. Nowack and Peter Braesicke and N. Luke Abraham and John A. Pyle},
                  title = {On the role of ozone feedback in the {ENSO} amplitude response under global warming},
                  journal = {Geophysical Research Letters}
                  }

                  @article{phillips2014evaluating,
                  doi = {10.1002/2014eo490002},
                  url = {https://doi.org/10.1002%2F2014eo490002},
                  year = 2014,
                  month = {dec},
                  publisher = {American Geophysical Union ({AGU})},
                  volume = {95},
                  number = {49},
                  pages = {453--455},
                  author = {Adam S. Phillips and Clara Deser and John Fasullo},
                  title = {Evaluating Modes of Variability in Climate Models},
                  journal = {Eos, Transactions American Geophysical Union}
                  }

                  @article{rashid2016atmospheric,
                  doi = {10.1002/2015gl066768},
                  url = {https://doi.org/10.1002%2F2015gl066768},
                  year = 2016,
                  month = {feb},
                  publisher = {American Geophysical Union ({AGU})},
                  volume = {43},
                  number = {4},
                  pages = {1687--1694},
                  author = {Harun A. Rashid and Anthony C. Hirst and Simon J. Marsland},
                  title = {An atmospheric mechanism for {ENSO} amplitude changes under an abrupt quadrupling of {CO}2 concentration in {CMIP}5 models},
                  journal = {Geophysical Research Letters}
                  }

                  @article{rayner2003global,
                    title={Global analyses of sea surface temperature, sea ice, and night marine air temperature since the late nineteenth century},
                    author={Rayner, NAA and Parker, De E and Horton, EB and Folland, Chris K and Alexander, Lisa V and Rowell, DP and Kent, Elizabeth C and Kaplan, A},
                    journal={Journal of Geophysical Research: Atmospheres},
                    volume={108},
                    number={D14},
                    year={2003},
                    publisher={Wiley Online Library}
                  }

                  @article{ropelewski1987global,
                  title={Global and regional scale precipitation patterns associated with the El Ni{\~n}o/Southern Oscillation},
                  author={Ropelewski, Chester F and Halpert, Michael S},
                  journal={Monthly weather review},
                  volume={115},
                  number={8},
                  pages={1606--1626},
                  year={1987}
                  }

                  @article{son2010impact,
                  doi = {10.1029/2010jd014271},
                  url = {https://doi.org/10.1029%2F2010jd014271},
                  year = 2010,
                  month = {oct},
                  publisher = {American Geophysical Union ({AGU})},
                  volume = {115},
                  author = {S.-W. Son and E. P. Gerber and J. Perlwitz and L. M. Polvani and N. P. Gillett and K.-H. Seo and V. Eyring and T. G. Shepherd and D. Waugh and H. Akiyoshi and J. Austin and A. Baumgaertner and S. Bekki and P. Braesicke and C. Brühl and N. Butchart and M. P. Chipperfield and D. Cugnet and M. Dameris and S. Dhomse and S. Frith and H. Garny and R. Garcia and S. C. Hardiman and P. Jöckel and J. F. Lamarque and E. Mancini and M. Marchand and M. Michou and T. Nakamura and O. Morgenstern and G. Pitari and D. A. Plummer and J. Pyle and E. Rozanov and J. F. Scinocca and K. Shibata and D. Smale and H. Teyss{\`{e}}dre and W. Tian and Y. Yamashita},
                  title = {Impact of stratospheric ozone on Southern Hemisphere circulation change: A multimodel assessment},
                  journal = {Journal of Geophysical Research}
                  }

                  @article{stevenson2010enso,
                  doi = {10.1175/2010jcli3609.1},
                  url = {https://doi.org/10.1175%2F2010jcli3609.1},
                  year = 2010,
                  month = {oct},
                  publisher = {American Meteorological Society},
                  volume = {23},
                  number = {20},
                  pages = {5540--5547},
                  author = {Samantha Stevenson and Baylor Fox-Kemper and Markus Jochum and Balaji Rajagopalan and Stephen G. Yeager},
                  title = {{ENSO} Model Validation Using Wavelet Probability Analysis},
                  journal = {Journal of Climate}
                  }

                  @article{stevenson2012will,
                  doi = {10.1175/jcli-d-11-00252.1},
                  url = {https://doi.org/10.1175%2Fjcli-d-11-00252.1},
                  year = 2012,
                  month = {mar},
                  publisher = {American Meteorological Society},
                  volume = {25},
                  number = {6},
                  pages = {2129--2145},
                  author = {Samantha Stevenson and Baylor Fox-Kemper and Markus Jochum and Richard Neale and Clara Deser and Gerald Meehl},
                  title = {Will There Be a Significant Change to El Ni{\~{n}}o in the Twenty-First Century?},
                  journal = {Journal of Climate}
                  }

                  @article{stevenson2012significant,
                  doi = {10.1029/2012gl052759},
                  url = {https://doi.org/10.1029%2F2012gl052759},
                  year = 2012,
                  month = {sep},
                  publisher = {American Geophysical Union ({AGU})},
                  volume = {39},
                  number = {17},
                  pages = {n/a--n/a},
                  author = {S. L. Stevenson},
                  title = {Significant changes to {ENSO} strength and impacts in the twenty-first century: Results from {CMIP}5},
                  journal = {Geophysical Research Letters}
                  }

                  @article{stevenson2017forced,
                  doi = {10.1007/s00382-017-3573-5},
                  url = {https://doi.org/10.1007%2Fs00382-017-3573-5},
                  year = 2017,
                  month = {mar},
                  publisher = {Springer Science and Business Media {LLC}},
                  volume = {52},
                  number = {12},
                  pages = {7359--7374},
                  author = {Samantha Stevenson and Antonietta Capotondi and John Fasullo and Bette Otto-Bliesner},
                  title = {Forced changes to twentieth century {ENSO} diversity in a last Millennium context},
                  journal = {Climate Dynamics}
                  }

                  @article{torrence1998practical,
                  title={A practical guide to wavelet analysis},
                  author={Torrence, Christopher and Compo, Gilbert P},
                  journal={Bulletin of the American Meteorological society},
                  volume={79},
                  number={1},
                  pages={61--78},
                  year={1998},
                  publisher={American Meteorological Society}
                  }

                  @article{vecchi2006weakening,
                  doi = {10.1038/nature04744},
                  url = {https://doi.org/10.1038%2Fnature04744},
                  year = 2006,
                  month = {may},
                  publisher = {Springer Science and Business Media {LLC}},
                  volume = {441},
                  number = {7089},
                  pages = {73--76},
                  author = {Gabriel A. Vecchi and Brian J. Soden and Andrew T. Wittenberg and Isaac M. Held and Ants Leetmaa and Matthew J. Harrison},
                  title = {Weakening of tropical Pacific atmospheric circulation due to anthropogenic forcing},
                  journal = {Nature}
                  }

                  @article{vega2017analysis,
                  doi = {10.1038/s41598-017-18459-8},
                  url = {https://doi.org/10.1038%2Fs41598-017-18459-8},
                  year = 2017,
                  month = {dec},
                  publisher = {Springer Science and Business Media {LLC}},
                  volume = {7},
                  number = {1},
                  author = {Benjamin Vega-Westhoff and Ryan L. Sriver},
                  title = {Analysis of {ENSO}'s response to unforced variability and anthropogenic forcing using {CESM}},
                  journal = {Scientific Reports}
                  }

                  @incollection{wang2016nino,
                  doi = {10.1007/978-94-017-7499-4_4},
                  url = {https://doi.org/10.1007%2F978-94-017-7499-4_4},
                  year = 2016,
                  month = {aug},
                  publisher = {Springer Netherlands},
                  pages = {85--106},
                  author = {Chunzai Wang and Clara Deser and Jin-Yi Yu and Pedro DiNezio and Amy Clement},
                  title = {El Ni{\~{n}}o and Southern Oscillation ({ENSO}): A Review},
                  booktitle = {Coral Reefs of the Eastern Tropical Pacific}
                  }

                  @article{yeo2016role,
                  doi = {10.1007/s00382-016-3376-0},
                  url = {https://doi.org/10.1007%2Fs00382-016-3376-0},
                  year = 2016,
                  month = {oct},
                  publisher = {Springer Science and Business Media {LLC}},
                  volume = {49},
                  number = {4},
                  pages = {1197--1213},
                  author = {Sae-Rim Yeo and Sang-Wook Yeh and Kwang-Yul Kim and WonMoo Kim},
                  title = {The role of low-frequency variation in the manifestation of warming trend and {ENSO} amplitude},
                  journal = {Climate Dynamics}
                  }

                  @article{zhang2019review,
                  doi = {10.1029/2019rg000644},
                  url = {https://doi.org/10.1029%2F2019rg000644},
                  year = 2019,
                  month = {jun},
                  publisher = {American Geophysical Union ({AGU})},
                  volume = {57},
                  number = {2},
                  pages = {316--375},
                  author = {Rong Zhang and Rowan Sutton and Gokhan Danabasoglu and Young-Oh Kwon and Robert Marsh and Stephen G. Yeager and Daniel E. Amrhein and Christopher M. Little},
                  title = {A Review of the Role of the Atlantic Meridional Overturning Circulation in Atlantic Multidecadal Variability and Associated Climate Impacts},
                  journal = {Reviews of Geophysics}
                  }

                  @article{zheng2016intermodel,
                  doi = {10.1175/jcli-d-16-0039.1},
                  url = {https://doi.org/10.1175%2Fjcli-d-16-0039.1},
                  year = 2016,
                  month = {sep},
                  publisher = {American Meteorological Society},
                  volume = {29},
                  number = {20},
                  pages = {7265--7279},
                  author = {Xiao-Tong Zheng and Shang-Ping Xie and Liang-Hong Lv and Zhen-Qiang Zhou},
                  title = {Intermodel Uncertainty in {ENSO} Amplitude Change Tied to Pacific Ocean Warming Pattern},
                  journal = {Journal of Climate}
                  }

                  @article{zheng2017response,
                  doi = {10.1007/s00382-017-3859-7},
                  url = {https://doi.org/10.1007%2Fs00382-017-3859-7},
                  year = 2017,
                  month = {aug},
                  publisher = {Springer Science and Business Media {LLC}},
                  volume = {50},
                  number = {11-12},
                  pages = {4019--4035},
                  author = {Xiao-Tong Zheng and Chang Hui and Sang-Wook Yeh},
                  title = {Response of {ENSO} amplitude to global warming in {CESM} large ensemble: uncertainty due to internal variability},
                  journal = {Climate Dynamics}
                  }

                  @book{pachauri2014climate,
                    title={Climate change 2014: synthesis report. Contribution of Working Groups I, II and III to the fifth assessment report of the Intergovernmental Panel on Climate Change},
                    author={Pachauri, Rajendra K and Allen, Myles R and Barros, Vicente R and Broome, John and Cramer, Wolfgang and Christ, Renate and Church, John A and Clarke, Leon and Dahe, Qin and Dasgupta, Purnamita and others},
                    year={2014},
                    publisher={Ipcc}
                  }
